Local time,Ask,Bid,AskVolume,BidVolume
04.09.2023 01:00:05.962 GMT+0300,4516.181,4515.664000000001,0.0006,0.0006
04.09.2023 01:00:07.440 GMT+0300,4516.298,4515.847000000001,0.0006,0.0006
04.09.2023 01:00:08.306 GMT+0300,4516.446,4515.932,0.0006,0.0006
04.09.2023 01:00:08.483 GMT+0300,4515.931,4515.423,0.0006,0.0006
04.09.2023 01:00:08.626 GMT+0300,4516.196,4515.67,0.0006,0.0006
04.09.2023 01:00:09.309 GMT+0300,4515.928,4515.417,0.0006,0.0006
04.09.2023 01:00:09.573 GMT+0300,4516.193,4515.682,0.0006,0.0006
04.09.2023 01:00:09.851 GMT+0300,4516.446,4515.923,0.0006,0.0006
04.09.2023 01:00:10.064 GMT+0300,4516.316,4515.847000000001,0.0006,0.0006
04.09.2023 01:00:11.552 GMT+0300,4516.1990000000005,4515.673,0.0006,0.0006
04.09.2023 01:00:12.272 GMT+0300,4516.298,4515.784000000001,0.0006,0.0006
04.09.2023 01:00:12.708 GMT+0300,4516.178,4515.673,0.0006,0.0006
04.09.2023 01:00:12.874 GMT+0300,4516.313,4515.784000000001,0.0006,0.0006
04.09.2023 01:00:12.977 GMT+0300,4516.1900000000005,4515.6759999999995,0.0006,0.0006
04.09.2023 01:00:13.429 GMT+0300,4516.4400000000005,4515.9259999999995,0.0006,0.0006
04.09.2023 01:00:13.807 GMT+0300,4516.313,4515.787,0.0006,0.0006
04.09.2023 01:00:15.211 GMT+0300,4516.431,4515.9259999999995,0.0006,0.0006
04.09.2023 01:00:21.340 GMT+0300,4516.678,4516.227,0.0006,0.0006
04.09.2023 01:00:22.318 GMT+0300,4516.943,4516.4259999999995,0.0006,0.0006
04.09.2023 01:00:26.821 GMT+0300,4517.196,4516.667,0.0006,0.0006
04.09.2023 01:00:31.559 GMT+0300,4517.253,4516.781,0.0006,0.0006
04.09.2023 01:00:31.951 GMT+0300,4517.4490000000005,4516.917,0.0006,0.0006
04.09.2023 01:00:32.096 GMT+0300,4517.319,4516.799,0.0006,0.0006
04.09.2023 01:00:32.483 GMT+0300,4516.81,4516.29,0.0006,0.0006
04.09.2023 01:00:33.086 GMT+0300,4516.633,4516.164000000001,0.0006,0.0006
04.09.2023 01:00:33.377 GMT+0300,4516.554,4516.043,0.0006,0.0006
04.09.2023 01:00:33.793 GMT+0300,4516.6990000000005,4516.179,0.0006,0.0006
04.09.2023 01:00:34.076 GMT+0300,4516.819,4516.302000000001,0.0006,0.0006
04.09.2023 01:00:34.420 GMT+0300,4516.696,4516.167,0.0006,0.0006
04.09.2023 01:00:34.994 GMT+0300,4516.81,4516.299,0.0006,0.0006
04.09.2023 01:00:35.117 GMT+0300,4516.684,4516.164000000001,0.0006,0.0006
04.09.2023 01:00:43.585 GMT+0300,4516.4490000000005,4515.914000000001,0.0006,0.0006
04.09.2023 01:00:53.845 GMT+0300,4516.6900000000005,4516.1759999999995,0.0006,0.0006
04.09.2023 01:00:59.984 GMT+0300,4516.503,4516.052000000001,0.0006,0.0006
04.09.2023 01:01:00.106 GMT+0300,4516.446,4515.92,0.0006,0.0006
04.09.2023 01:01:00.956 GMT+0300,4516.548,4516.046,0.0006,0.0006
04.09.2023 01:01:01.266 GMT+0300,4516.678,4516.179,0.0006,0.0006
04.09.2023 01:01:07.541 GMT+0300,4516.443,4515.914000000001,0.0006,0.0006
04.09.2023 01:01:10.981 GMT+0300,4516.681,4516.167,0.0006,0.0006
04.09.2023 01:01:11.503 GMT+0300,4516.4490000000005,4515.917,0.0006,0.0006
04.09.2023 01:01:13.997 GMT+0300,4516.693,4516.1759999999995,0.0006,0.0006
04.09.2023 01:01:14.207 GMT+0300,4516.4400000000005,4515.917,0.0006,0.0006
04.09.2023 01:01:14.311 GMT+0300,4516.503,4516.037,0.0006,0.0006
04.09.2023 01:01:14.428 GMT+0300,4516.678,4516.227,0.0006,0.0006
04.09.2023 01:01:17.059 GMT+0300,4516.446,4515.914000000001,0.0006,0.0006
04.09.2023 01:01:21.106 GMT+0300,4516.184,4515.682,0.0006,0.0006
04.09.2023 01:01:28.569 GMT+0300,4516.057,4515.534000000001,0.0006,0.0006
04.09.2023 01:01:29.853 GMT+0300,4515.9490000000005,4515.411,0.0006,0.0006
04.09.2023 01:01:39.550 GMT+0300,4515.681,4515.179,0.0006,0.0006
04.09.2023 01:01:43.914 GMT+0300,4515.5509999999995,4515.037,0.0006,0.0006
04.09.2023 01:01:44.080 GMT+0300,4515.443,4514.932,0.0006,0.0006
04.09.2023 01:01:51.806 GMT+0300,4514.678,4514.17,0.0006,0.0006
04.09.2023 01:01:52.944 GMT+0300,4514.804,4514.281,0.0006,0.0006
04.09.2023 01:01:53.748 GMT+0300,4514.937,4514.423,0.0006,0.0006
04.09.2023 01:01:58.460 GMT+0300,4515.1990000000005,4514.667,0.0006,0.0006
04.09.2023 01:02:01.493 GMT+0300,4515.0509999999995,4514.543,0.0006,0.0006
04.09.2023 01:02:02.393 GMT+0300,4515.1900000000005,4514.673,0.0006,0.0006
04.09.2023 01:02:09.947 GMT+0300,4515.383,4514.9259999999995,0.0006,0.0006
04.09.2023 01:02:12.562 GMT+0300,4515.307,4514.781,0.0006,0.0006
04.09.2023 01:02:15.416 GMT+0300,4515.1990000000005,4514.679,0.0006,0.0006
04.09.2023 01:02:16.822 GMT+0300,4515.446,4514.932,0.0006,0.0006
04.09.2023 01:02:26.081 GMT+0300,4515.554,4515.049,0.0006,0.0006
04.09.2023 01:02:29.728 GMT+0300,4515.428,4514.977,0.0006,0.0006
04.09.2023 01:02:31.026 GMT+0300,4515.187,4514.682,0.0006,0.0006
04.09.2023 01:02:42.272 GMT+0300,4514.9400000000005,4514.432,0.0006,0.0006
04.09.2023 01:02:49.127 GMT+0300,4514.753,4514.293,0.0006,0.0006
04.09.2023 01:02:50.361 GMT+0300,4514.6990000000005,4514.182,0.0006,0.0006
04.09.2023 01:02:54.173 GMT+0300,4514.548,4514.097000000001,0.0006,0.0006
04.09.2023 01:02:55.630 GMT+0300,4514.681,4514.1759999999995,0.0006,0.0006
04.09.2023 01:02:56.223 GMT+0300,4514.548,4514.046,0.0006,0.0006
04.09.2023 01:02:57.984 GMT+0300,4514.633,4514.17,0.0006,0.0006
04.09.2023 01:02:58.425 GMT+0300,4514.554,4514.037,0.0006,0.0006
04.09.2023 01:02:59.291 GMT+0300,4514.633,4514.1759999999995,0.0006,0.0006
04.09.2023 01:03:26.117 GMT+0300,4514.503,4514.037,0.0006,0.0006
04.09.2023 01:03:29.342 GMT+0300,4514.4490000000005,4513.977,0.0006,0.0006
04.09.2023 01:03:56.937 GMT+0300,4514.693,4514.161,0.0006,0.0006
04.09.2023 01:04:02.773 GMT+0300,4514.554,4514.031,0.0006,0.0006
04.09.2023 01:04:03.915 GMT+0300,4514.443,4513.977,0.0006,0.0006
04.09.2023 01:04:08.204 GMT+0300,4514.304,4513.847000000001,0.0006,0.0006
04.09.2023 01:04:08.701 GMT+0300,4514.4400000000005,4513.914000000001,0.0006,0.0006
04.09.2023 01:04:10.727 GMT+0300,4514.566,4514.046,0.0006,0.0006
04.09.2023 01:04:14.751 GMT+0300,4514.434,4513.917,0.0006,0.0006
04.09.2023 01:04:26.092 GMT+0300,4514.56,4514.04,0.0006,0.0006
04.09.2023 01:04:27.499 GMT+0300,4514.684,4514.17,0.0006,0.0006
04.09.2023 01:04:29.722 GMT+0300,4514.557,4514.049,0.0006,0.0006
04.09.2023 01:04:30.478 GMT+0300,4514.446,4513.932,0.0006,0.0006
04.09.2023 01:04:34.013 GMT+0300,4514.696,4514.17,0.0006,0.0006
04.09.2023 01:04:34.674 GMT+0300,4514.569,4514.097000000001,0.0006,0.0006
04.09.2023 01:04:39.336 GMT+0300,4514.446,4513.929,0.0006,0.0006
04.09.2023 01:04:43.145 GMT+0300,4514.563,4514.031,0.0006,0.0006
04.09.2023 01:04:50.621 GMT+0300,4514.4400000000005,4513.929,0.0006,0.0006
04.09.2023 01:04:54.430 GMT+0300,4514.563,4514.031,0.0006,0.0006
04.09.2023 01:04:59.994 GMT+0300,4514.431,4513.932,0.0006,0.0006
04.09.2023 01:05:00.180 GMT+0300,4514.5509999999995,4514.052000000001,0.0006,0.0006
04.09.2023 01:05:28.229 GMT+0300,4514.681,4514.17,0.0006,0.0006
04.09.2023 01:05:35.003 GMT+0300,4514.4400000000005,4513.917,0.0006,0.0006
04.09.2023 01:05:35.766 GMT+0300,4514.563,4514.097000000001,0.0006,0.0006
04.09.2023 01:05:36.303 GMT+0300,4514.6900000000005,4514.173,0.0006,0.0006
04.09.2023 01:05:37.268 GMT+0300,4514.557,4514.052000000001,0.0006,0.0006
04.09.2023 01:05:37.816 GMT+0300,4514.633,4514.227,0.0006,0.0006
04.09.2023 01:05:52.330 GMT+0300,4514.548,4514.034000000001,0.0006,0.0006
04.09.2023 01:06:00.195 GMT+0300,4514.4400000000005,4513.914000000001,0.0006,0.0006
04.09.2023 01:06:01.039 GMT+0300,4514.693,4514.179,0.0006,0.0006
04.09.2023 01:06:01.170 GMT+0300,4514.56,4514.034000000001,0.0006,0.0006
04.09.2023 01:06:08.162 GMT+0300,4514.437,4513.977,0.0006,0.0006
04.09.2023 01:06:14.443 GMT+0300,4514.696,4514.1759999999995,0.0006,0.0006
04.09.2023 01:06:25.930 GMT+0300,4514.431,4513.929,0.0006,0.0006
04.09.2023 01:06:36.824 GMT+0300,4514.31,4513.847000000001,0.0006,0.0006
04.09.2023 01:06:37.685 GMT+0300,4514.193,4513.682,0.0006,0.0006
04.09.2023 01:06:43.953 GMT+0300,4514.06,4513.537,0.0006,0.0006
04.09.2023 01:06:44.151 GMT+0300,4513.943,4513.423,0.0006,0.0006
04.09.2023 01:06:52.157 GMT+0300,4514.196,4513.679,0.0006,0.0006
04.09.2023 01:06:52.356 GMT+0300,4514.066,4513.597000000001,0.0006,0.0006
04.09.2023 01:06:58.773 GMT+0300,4513.883,4513.4259999999995,0.0006,0.0006
04.09.2023 01:07:13.347 GMT+0300,4514.048,4513.54,0.0006,0.0006
04.09.2023 01:07:13.576 GMT+0300,4513.934,4513.4259999999995,0.0006,0.0006
04.09.2023 01:07:16.778 GMT+0300,4514.196,4513.6759999999995,0.0006,0.0006
04.09.2023 01:07:26.431 GMT+0300,4513.931,4513.429,0.0006,0.0006
04.09.2023 01:08:08.092 GMT+0300,4513.6990000000005,4513.1759999999995,0.0006,0.0006
04.09.2023 01:08:12.954 GMT+0300,4513.428,4512.92,0.0006,0.0006
04.09.2023 01:08:14.768 GMT+0300,4513.133,4512.667,0.0006,0.0006
04.09.2023 01:08:22.022 GMT+0300,4513.0509999999995,4512.531,0.0006,0.0006
04.09.2023 01:08:22.144 GMT+0300,4512.883,4512.429,0.0006,0.0006
04.09.2023 01:08:24.124 GMT+0300,4512.633,4512.17,0.0006,0.0006
04.09.2023 01:08:24.618 GMT+0300,4512.566,4512.04,0.0006,0.0006
04.09.2023 01:08:24.885 GMT+0300,4512.633,4512.179,0.0006,0.0006
04.09.2023 01:08:35.779 GMT+0300,4512.443,4511.914000000001,0.0006,0.0006
04.09.2023 01:08:36.547 GMT+0300,4512.687,4512.17,0.0006,0.0006
04.09.2023 01:08:40.610 GMT+0300,4512.5509999999995,4512.043,0.0006,0.0006
04.09.2023 01:08:42.452 GMT+0300,4512.693,4512.182,0.0006,0.0006
04.09.2023 01:08:52.383 GMT+0300,4512.8009999999995,4512.29,0.0006,0.0006
04.09.2023 01:08:52.611 GMT+0300,4512.6900000000005,4512.161,0.0006,0.0006
04.09.2023 01:08:57.917 GMT+0300,4512.569,4512.034000000001,0.0006,0.0006
04.09.2023 01:08:58.147 GMT+0300,4512.4400000000005,4511.923,0.0006,0.0006
04.09.2023 01:09:00.266 GMT+0300,4512.548,4512.043,0.0006,0.0006
04.09.2023 01:09:02.486 GMT+0300,4512.693,4512.164000000001,0.0006,0.0006
04.09.2023 01:09:05.636 GMT+0300,4512.503,4512.031,0.0006,0.0006
04.09.2023 01:09:08.083 GMT+0300,4512.696,4512.167,0.0006,0.0006
04.09.2023 01:09:08.339 GMT+0300,4512.56,4512.046,0.0006,0.0006
04.09.2023 01:09:09.464 GMT+0300,4512.431,4511.923,0.0006,0.0006
04.09.2023 01:09:15.531 GMT+0300,4512.681,4512.164000000001,0.0006,0.0006
04.09.2023 01:09:21.021 GMT+0300,4512.548,4512.034000000001,0.0006,0.0006
04.09.2023 01:09:21.594 GMT+0300,4512.696,4512.179,0.0006,0.0006
04.09.2023 01:09:48.947 GMT+0300,4512.81,4512.299,0.0006,0.0006
04.09.2023 01:09:49.277 GMT+0300,4512.554,4512.034000000001,0.0006,0.0006
04.09.2023 01:09:51.917 GMT+0300,4512.428,4511.917,0.0006,0.0006
04.09.2023 01:10:20.317 GMT+0300,4512.316,4511.79,0.0006,0.0006
04.09.2023 01:10:22.805 GMT+0300,4512.193,4511.664000000001,0.0006,0.0006
04.09.2023 01:10:32.788 GMT+0300,4512.298,4511.796,0.0006,0.0006
04.09.2023 01:10:39.896 GMT+0300,4512.196,4511.667,0.0006,0.0006
04.09.2023 01:10:42.350 GMT+0300,4512.437,4511.917,0.0006,0.0006
04.09.2023 01:10:43.583 GMT+0300,4512.193,4511.673,0.0006,0.0006
04.09.2023 01:10:43.747 GMT+0300,4512.31,4511.799,0.0006,0.0006
04.09.2023 01:10:44.019 GMT+0300,4512.1990000000005,4511.673,0.0006,0.0006
04.09.2023 01:10:44.166 GMT+0300,4512.446,4511.977,0.0006,0.0006
04.09.2023 01:10:44.407 GMT+0300,4512.193,4511.661,0.0006,0.0006
04.09.2023 01:10:51.071 GMT+0300,4512.437,4511.914000000001,0.0006,0.0006
04.09.2023 01:10:54.471 GMT+0300,4512.1990000000005,4511.67,0.0006,0.0006
04.09.2023 01:11:28.407 GMT+0300,4512.4490000000005,4511.932,0.0006,0.0006
04.09.2023 01:11:36.893 GMT+0300,4512.31,4511.802000000001,0.0006,0.0006
04.09.2023 01:11:37.884 GMT+0300,4512.178,4511.661,0.0006,0.0006
04.09.2023 01:11:46.712 GMT+0300,4512.298,4511.796,0.0006,0.0006
04.09.2023 01:11:48.120 GMT+0300,4512.4490000000005,4511.929,0.0006,0.0006
04.09.2023 01:11:49.855 GMT+0300,4512.678,4512.179,0.0006,0.0006
04.09.2023 01:11:52.282 GMT+0300,4512.434,4511.917,0.0006,0.0006
04.09.2023 01:11:54.984 GMT+0300,4512.566,4512.031,0.0006,0.0006
04.09.2023 01:11:55.280 GMT+0300,4512.633,4512.17,0.0006,0.0006
04.09.2023 01:11:59.183 GMT+0300,4512.9490000000005,4512.432,0.0006,0.0006
04.09.2023 01:12:03.362 GMT+0300,4513.133,4512.679,0.0006,0.0006
04.09.2023 01:12:03.802 GMT+0300,4512.943,4512.4259999999995,0.0006,0.0006
04.09.2023 01:12:09.850 GMT+0300,4513.054,4512.543,0.0006,0.0006
04.09.2023 01:12:09.951 GMT+0300,4512.9400000000005,4512.411,0.0006,0.0006
04.09.2023 01:12:13.623 GMT+0300,4513.178,4512.667,0.0006,0.0006
04.09.2023 01:12:21.136 GMT+0300,4512.9490000000005,4512.429,0.0006,0.0006
04.09.2023 01:12:21.530 GMT+0300,4513.066,4512.546,0.0006,0.0006
04.09.2023 01:12:22.694 GMT+0300,4513.184,4512.661,0.0006,0.0006
04.09.2023 01:12:26.533 GMT+0300,4513.428,4512.911,0.0006,0.0006
04.09.2023 01:12:27.922 GMT+0300,4513.937,4513.417,0.0006,0.0006
04.09.2023 01:12:39.406 GMT+0300,4513.696,4513.227,0.0006,0.0006
04.09.2023 01:12:48.089 GMT+0300,4513.434,4512.92,0.0006,0.0006
04.09.2023 01:12:48.209 GMT+0300,4513.569,4513.04,0.0006,0.0006
04.09.2023 01:12:49.406 GMT+0300,4513.681,4513.167,0.0006,0.0006
04.09.2023 01:12:50.888 GMT+0300,4513.428,4512.92,0.0006,0.0006
04.09.2023 01:12:54.837 GMT+0300,4513.503,4513.097000000001,0.0006,0.0006
04.09.2023 01:12:56.347 GMT+0300,4513.431,4512.917,0.0006,0.0006
04.09.2023 01:12:56.792 GMT+0300,4513.253,4512.79,0.0006,0.0006
04.09.2023 01:12:57.123 GMT+0300,4513.181,4512.667,0.0006,0.0006
04.09.2023 01:12:57.653 GMT+0300,4513.31,4512.799,0.0006,0.0006
04.09.2023 01:12:57.803 GMT+0300,4513.1900000000005,4512.664000000001,0.0006,0.0006
04.09.2023 01:12:58.269 GMT+0300,4513.253,4512.781,0.0006,0.0006
04.09.2023 01:13:01.414 GMT+0300,4513.063,4512.531,0.0006,0.0006
04.09.2023 01:13:02.343 GMT+0300,4512.934,4512.432,0.0006,0.0006
04.09.2023 01:13:03.072 GMT+0300,4513.066,4512.54,0.0006,0.0006
04.09.2023 01:13:05.573 GMT+0300,4513.187,4512.673,0.0006,0.0006
04.09.2023 01:13:13.740 GMT+0300,4513.319,4512.802000000001,0.0006,0.0006
04.09.2023 01:13:18.963 GMT+0300,4513.4490000000005,4512.917,0.0006,0.0006
04.09.2023 01:13:22.363 GMT+0300,4513.31,4512.799,0.0006,0.0006
04.09.2023 01:13:22.726 GMT+0300,4513.383,4512.932,0.0006,0.0006
04.09.2023 01:13:23.132 GMT+0300,4513.307,4512.79,0.0006,0.0006
04.09.2023 01:13:24.124 GMT+0300,4513.428,4512.92,0.0006,0.0006
04.09.2023 01:13:24.786 GMT+0300,4513.31,4512.79,0.0006,0.0006
04.09.2023 01:13:31.400 GMT+0300,4513.133,4512.673,0.0006,0.0006
04.09.2023 01:13:32.178 GMT+0300,4513.4490000000005,4512.977,0.0006,0.0006
04.09.2023 01:13:32.781 GMT+0300,4513.298,4512.847000000001,0.0006,0.0006
04.09.2023 01:13:33.973 GMT+0300,4513.4400000000005,4512.9259999999995,0.0006,0.0006
04.09.2023 01:13:50.066 GMT+0300,4513.687,4513.17,0.0006,0.0006
04.09.2023 01:14:03.345 GMT+0300,4512.437,4511.977,0.0006,0.0006
04.09.2023 01:14:03.509 GMT+0300,4512.681,4512.1759999999995,0.0006,0.0006
04.09.2023 01:14:05.552 GMT+0300,4513.048,4512.347000000001,0.0006,0.0006
04.09.2023 01:14:05.783 GMT+0300,4512.931,4512.411,0.0006,0.0006
04.09.2023 01:14:06.207 GMT+0300,4512.807,4512.281,0.0006,0.0006
04.09.2023 01:14:06.865 GMT+0300,4512.937,4512.414000000001,0.0006,0.0006
04.09.2023 01:14:07.862 GMT+0300,4513.181,4512.679,0.0006,0.0006
04.09.2023 01:14:13.871 GMT+0300,4513.319,4512.802000000001,0.0006,0.0006
04.09.2023 01:14:16.232 GMT+0300,4513.184,4512.67,0.0006,0.0006
04.09.2023 01:14:20.399 GMT+0300,4513.437,4512.911,0.0006,0.0006
04.09.2023 01:14:21.299 GMT+0300,4512.9490000000005,4512.42,0.0006,0.0006
04.09.2023 01:14:22.894 GMT+0300,4512.633,4512.182,0.0006,0.0006
04.09.2023 01:14:27.908 GMT+0300,4512.446,4511.977,0.0006,0.0006
04.09.2023 01:14:28.283 GMT+0300,4512.503,4512.031,0.0006,0.0006
04.09.2023 01:14:29.717 GMT+0300,4512.6900000000005,4512.164000000001,0.0006,0.0006
04.09.2023 01:14:48.218 GMT+0300,4512.437,4511.914000000001,0.0006,0.0006
04.09.2023 01:15:00.253 GMT+0300,4512.684,4512.182,0.0006,0.0006
04.09.2023 01:15:02.235 GMT+0300,4512.548,4512.052000000001,0.0006,0.0006
04.09.2023 01:15:04.247 GMT+0300,4512.434,4511.9259999999995,0.0006,0.0006
04.09.2023 01:15:15.577 GMT+0300,4512.3009999999995,4511.784000000001,0.0006,0.0006
04.09.2023 01:15:17.296 GMT+0300,4512.437,4511.92,0.0006,0.0006
04.09.2023 01:15:19.462 GMT+0300,4512.557,4512.034000000001,0.0006,0.0006
04.09.2023 01:15:23.389 GMT+0300,4512.696,4512.173,0.0006,0.0006
04.09.2023 01:15:26.738 GMT+0300,4512.937,4512.4259999999995,0.0006,0.0006
04.09.2023 01:15:27.069 GMT+0300,4512.8009999999995,4512.299,0.0006,0.0006
04.09.2023 01:15:28.240 GMT+0300,4512.9400000000005,4512.417,0.0006,0.0006
04.09.2023 01:15:34.919 GMT+0300,4512.6900000000005,4512.17,0.0006,0.0006
04.09.2023 01:15:38.243 GMT+0300,4512.813,4512.287,0.0006,0.0006
04.09.2023 01:15:48.152 GMT+0300,4512.9490000000005,4512.477,0.0006,0.0006
04.09.2023 01:15:51.094 GMT+0300,4512.816,4512.293,0.0006,0.0006
04.09.2023 01:15:51.451 GMT+0300,4512.693,4512.161,0.0006,0.0006
04.09.2023 01:15:52.085 GMT+0300,4512.753,4512.347000000001,0.0006,0.0006
04.09.2023 01:15:54.972 GMT+0300,4512.633,4512.167,0.0006,0.0006
04.09.2023 01:16:04.974 GMT+0300,4512.443,4511.932,0.0006,0.0006
04.09.2023 01:16:12.993 GMT+0300,4512.178,4511.661,0.0006,0.0006
04.09.2023 01:16:33.508 GMT+0300,4512.431,4511.923,0.0006,0.0006
04.09.2023 01:16:36.224 GMT+0300,4512.187,4511.664000000001,0.0006,0.0006
04.09.2023 01:16:42.475 GMT+0300,4511.943,4511.429,0.0006,0.0006
04.09.2023 01:16:43.829 GMT+0300,4511.693,4511.1759999999995,0.0006,0.0006
04.09.2023 01:16:55.917 GMT+0300,4511.798,4511.293,0.0006,0.0006
04.09.2023 01:16:56.183 GMT+0300,4511.9400000000005,4511.42,0.0006,0.0006
04.09.2023 01:16:56.369 GMT+0300,4511.681,4511.17,0.0006,0.0006
04.09.2023 01:17:08.666 GMT+0300,4511.753,4511.302000000001,0.0006,0.0006
04.09.2023 01:17:09.987 GMT+0300,4511.6900000000005,4511.17,0.0006,0.0006
04.09.2023 01:17:10.483 GMT+0300,4511.9400000000005,4511.4259999999995,0.0006,0.0006
04.09.2023 01:17:12.627 GMT+0300,4511.753,4511.302000000001,0.0006,0.0006
04.09.2023 01:17:19.390 GMT+0300,4511.633,4511.167,0.0006,0.0006
04.09.2023 01:18:17.001 GMT+0300,4511.9490000000005,4511.414000000001,0.0006,0.0006
04.09.2023 01:18:18.383 GMT+0300,4511.6990000000005,4511.164000000001,0.0006,0.0006
04.09.2023 01:18:18.533 GMT+0300,4511.9490000000005,4511.414000000001,0.0006,0.0006
04.09.2023 01:18:20.164 GMT+0300,4511.8009999999995,4511.296,0.0006,0.0006
04.09.2023 01:18:28.568 GMT+0300,4511.934,4511.42,0.0006,0.0006
04.09.2023 01:18:43.453 GMT+0300,4512.181,4511.661,0.0006,0.0006
04.09.2023 01:18:43.897 GMT+0300,4511.883,4511.414000000001,0.0006,0.0006
04.09.2023 01:18:44.596 GMT+0300,4512.063,4511.537,0.0006,0.0006
04.09.2023 01:18:48.564 GMT+0300,4511.934,4511.4259999999995,0.0006,0.0006
04.09.2023 01:18:59.679 GMT+0300,4512.057,4511.531,0.0006,0.0006
04.09.2023 01:19:00.369 GMT+0300,4512.181,4511.727,0.0006,0.0006
04.09.2023 01:19:00.573 GMT+0300,4512.4490000000005,4511.917,0.0006,0.0006
04.09.2023 01:19:00.623 GMT+0300,4511.883,4511.432,0.0006,0.0006
04.09.2023 01:19:01.728 GMT+0300,4511.681,4511.173,0.0006,0.0006
04.09.2023 01:19:03.647 GMT+0300,4511.883,4511.423,0.0006,0.0006
04.09.2023 01:19:08.087 GMT+0300,4511.633,4511.164000000001,0.0006,0.0006
04.09.2023 01:19:10.656 GMT+0300,4511.937,4511.423,0.0006,0.0006
04.09.2023 01:19:41.303 GMT+0300,4512.181,4511.673,0.0006,0.0006
04.09.2023 01:20:10.815 GMT+0300,4512.048,4511.54,0.0006,0.0006
04.09.2023 01:20:10.917 GMT+0300,4511.928,4511.411,0.0006,0.0006
04.09.2023 01:20:24.441 GMT+0300,4512.1990000000005,4511.661,0.0006,0.0006
04.09.2023 01:20:24.664 GMT+0300,4512.054,4511.543,0.0006,0.0006
04.09.2023 01:20:26.206 GMT+0300,4511.931,4511.417,0.0006,0.0006
04.09.2023 01:20:26.672 GMT+0300,4512.069,4511.543,0.0006,0.0006
04.09.2023 01:20:27.077 GMT+0300,4511.934,4511.432,0.0006,0.0006
04.09.2023 01:20:32.358 GMT+0300,4512.196,4511.6759999999995,0.0006,0.0006
04.09.2023 01:21:20.493 GMT+0300,4511.934,4511.417,0.0006,0.0006
04.09.2023 01:22:39.185 GMT+0300,4512.003,4511.597000000001,0.0006,0.0006
04.09.2023 01:22:39.440 GMT+0300,4512.196,4511.679,0.0006,0.0006
04.09.2023 01:22:55.687 GMT+0300,4512.319,4511.793,0.0006,0.0006
04.09.2023 01:22:55.885 GMT+0300,4512.184,4511.67,0.0006,0.0006
04.09.2023 01:23:09.499 GMT+0300,4512.446,4511.911,0.0006,0.0006
04.09.2023 01:23:10.965 GMT+0300,4512.181,4511.682,0.0006,0.0006
04.09.2023 01:24:38.619 GMT+0300,4512.437,4511.929,0.0006,0.0006
04.09.2023 01:24:40.064 GMT+0300,4512.187,4511.661,0.0006,0.0006
04.09.2023 01:24:44.221 GMT+0300,4512.443,4511.917,0.0006,0.0006
04.09.2023 01:25:08.561 GMT+0300,4512.184,4511.661,0.0006,0.0006
04.09.2023 01:25:11.879 GMT+0300,4512.253,4511.796,0.0006,0.0006
04.09.2023 01:25:19.490 GMT+0300,4512.437,4511.977,0.0006,0.0006
04.09.2023 01:25:40.785 GMT+0300,4512.3009999999995,4511.802000000001,0.0006,0.0006
04.09.2023 01:25:53.669 GMT+0300,4512.434,4511.9259999999995,0.0006,0.0006
04.09.2023 01:26:02.796 GMT+0300,4512.133,4511.67,0.0006,0.0006
04.09.2023 01:26:21.090 GMT+0300,4512.054,4511.546,0.0006,0.0006
04.09.2023 01:26:21.213 GMT+0300,4511.946,4511.429,0.0006,0.0006
04.09.2023 01:26:25.448 GMT+0300,4511.684,4511.179,0.0006,0.0006
04.09.2023 01:27:10.328 GMT+0300,4511.9400000000005,4511.423,0.0006,0.0006
04.09.2023 01:27:12.460 GMT+0300,4512.057,4511.537,0.0006,0.0006
04.09.2023 01:27:13.441 GMT+0300,4512.133,4511.727,0.0006,0.0006
04.09.2023 01:27:19.443 GMT+0300,4511.684,4511.182,0.0006,0.0006
04.09.2023 01:27:20.704 GMT+0300,4511.753,4511.284000000001,0.0006,0.0006
04.09.2023 01:27:22.889 GMT+0300,4511.6900000000005,4511.182,0.0006,0.0006
04.09.2023 01:28:40.336 GMT+0300,4511.9490000000005,4511.423,0.0006,0.0006
04.09.2023 01:29:12.960 GMT+0300,4512.178,4511.679,0.0006,0.0006
04.09.2023 01:30:01.161 GMT+0300,4511.9490000000005,4511.411,0.0006,0.0006
04.09.2023 01:30:51.508 GMT+0300,4512.181,4511.727,0.0006,0.0006
04.09.2023 01:30:57.804 GMT+0300,4512.048,4511.54,0.0006,0.0006
04.09.2023 01:30:59.318 GMT+0300,4511.883,4511.42,0.0006,0.0006
04.09.2023 01:30:59.665 GMT+0300,4512.196,4511.673,0.0006,0.0006
04.09.2023 01:32:34.996 GMT+0300,4511.9490000000005,4511.477,0.0006,0.0006
04.09.2023 01:32:36.243 GMT+0300,4512.06,4511.531,0.0006,0.0006
04.09.2023 01:32:37.451 GMT+0300,4512.1990000000005,4511.667,0.0006,0.0006
04.09.2023 01:32:49.223 GMT+0300,4511.883,4511.414000000001,0.0006,0.0006
04.09.2023 01:33:18.574 GMT+0300,4512.1990000000005,4511.6759999999995,0.0006,0.0006
04.09.2023 01:33:23.194 GMT+0300,4512.304,4511.802000000001,0.0006,0.0006
04.09.2023 01:33:23.474 GMT+0300,4511.934,4511.423,0.0006,0.0006
04.09.2023 01:33:26.829 GMT+0300,4511.693,4511.1759999999995,0.0006,0.0006
04.09.2023 01:33:32.825 GMT+0300,4511.9490000000005,4511.411,0.0006,0.0006
04.09.2023 01:33:41.819 GMT+0300,4512.196,4511.682,0.0006,0.0006
04.09.2023 01:33:57.347 GMT+0300,4512.4490000000005,4511.923,0.0006,0.0006
04.09.2023 01:33:57.660 GMT+0300,4512.178,4511.673,0.0006,0.0006
04.09.2023 01:35:01.576 GMT+0300,4512.383,4511.929,0.0006,0.0006
04.09.2023 01:36:28.789 GMT+0300,4512.554,4512.052000000001,0.0006,0.0006
04.09.2023 01:36:28.905 GMT+0300,4512.633,4512.227,0.0006,0.0006
04.09.2023 01:36:29.125 GMT+0300,4512.446,4511.932,0.0006,0.0006
04.09.2023 01:36:36.201 GMT+0300,4512.687,4512.161,0.0006,0.0006
04.09.2023 01:37:06.842 GMT+0300,4512.9400000000005,4512.414000000001,0.0006,0.0006
04.09.2023 01:37:33.810 GMT+0300,4512.681,4512.161,0.0006,0.0006
04.09.2023 01:37:47.315 GMT+0300,4512.383,4511.917,0.0006,0.0006
04.09.2023 01:37:48.143 GMT+0300,4512.187,4511.6759999999995,0.0006,0.0006
04.09.2023 01:37:54.931 GMT+0300,4512.443,4511.977,0.0006,0.0006
04.09.2023 01:39:08.669 GMT+0300,4512.253,4511.796,0.0006,0.0006
04.09.2023 01:39:08.804 GMT+0300,4511.934,4511.477,0.0006,0.0006
04.09.2023 01:41:35.915 GMT+0300,4511.678,4511.167,0.0006,0.0006
04.09.2023 01:41:36.089 GMT+0300,4511.798,4511.287,0.0006,0.0006
04.09.2023 01:41:36.369 GMT+0300,4511.681,4511.179,0.0006,0.0006
04.09.2023 01:41:55.421 GMT+0300,4511.4400000000005,4510.923,0.0006,0.0006
04.09.2023 01:41:55.566 GMT+0300,4511.678,4511.161,0.0006,0.0006
04.09.2023 01:42:30.570 GMT+0300,4511.56,4511.04,0.0006,0.0006
04.09.2023 01:42:30.678 GMT+0300,4511.693,4511.161,0.0006,0.0006
04.09.2023 01:43:01.338 GMT+0300,4511.883,4511.477,0.0006,0.0006
04.09.2023 01:43:34.011 GMT+0300,4512.133,4511.679,0.0006,0.0006
04.09.2023 01:43:36.252 GMT+0300,4511.883,4511.42,0.0006,0.0006
04.09.2023 01:43:36.643 GMT+0300,4512.1990000000005,4511.682,0.0006,0.0006
04.09.2023 01:44:26.146 GMT+0300,4512.681,4512.182,0.0006,0.0006
04.09.2023 01:45:00.433 GMT+0300,4512.446,4511.911,0.0006,0.0006
04.09.2023 01:45:02.423 GMT+0300,4512.681,4512.17,0.0006,0.0006
04.09.2023 01:45:04.666 GMT+0300,4512.383,4511.932,0.0006,0.0006
04.09.2023 01:45:36.030 GMT+0300,4512.253,4511.781,0.0006,0.0006
04.09.2023 01:45:36.365 GMT+0300,4511.883,4511.42,0.0006,0.0006
04.09.2023 01:45:39.331 GMT+0300,4512.1990000000005,4511.67,0.0006,0.0006
04.09.2023 01:45:51.285 GMT+0300,4511.9490000000005,4511.423,0.0006,0.0006
04.09.2023 01:45:56.996 GMT+0300,4512.048,4511.534000000001,0.0006,0.0006
04.09.2023 01:45:57.574 GMT+0300,4512.1900000000005,4511.667,0.0006,0.0006
04.09.2023 01:45:58.863 GMT+0300,4511.946,4511.417,0.0006,0.0006
04.09.2023 01:45:58.981 GMT+0300,4512.0509999999995,4511.552000000001,0.0006,0.0006
04.09.2023 01:46:01.840 GMT+0300,4511.946,4511.411,0.0006,0.0006
04.09.2023 01:48:06.613 GMT+0300,4512.1990000000005,4511.667,0.0006,0.0006
04.09.2023 01:48:07.433 GMT+0300,4512.06,4511.552000000001,0.0006,0.0006
04.09.2023 01:48:11.457 GMT+0300,4512.181,4511.67,0.0006,0.0006
04.09.2023 01:48:23.903 GMT+0300,4511.928,4511.423,0.0006,0.0006
04.09.2023 01:48:40.989 GMT+0300,4512.193,4511.67,0.0006,0.0006
04.09.2023 01:49:27.072 GMT+0300,4512.431,4511.932,0.0006,0.0006
04.09.2023 01:49:31.239 GMT+0300,4512.1990000000005,4511.661,0.0006,0.0006
04.09.2023 01:50:07.232 GMT+0300,4511.9490000000005,4511.42,0.0006,0.0006
04.09.2023 01:50:07.567 GMT+0300,4512.181,4511.682,0.0006,0.0006
04.09.2023 01:50:10.475 GMT+0300,4512.06,4511.534000000001,0.0006,0.0006
04.09.2023 01:50:11.934 GMT+0300,4511.934,4511.423,0.0006,0.0006
04.09.2023 01:50:18.494 GMT+0300,4512.06,4511.597000000001,0.0006,0.0006
04.09.2023 01:50:18.761 GMT+0300,4511.931,4511.477,0.0006,0.0006
04.09.2023 01:50:22.797 GMT+0300,4512.1990000000005,4511.67,0.0006,0.0006
04.09.2023 01:50:25.591 GMT+0300,4512.06,4511.531,0.0006,0.0006
04.09.2023 01:50:27.073 GMT+0300,4512.196,4511.6759999999995,0.0006,0.0006
04.09.2023 01:51:07.891 GMT+0300,4512.437,4511.923,0.0006,0.0006
04.09.2023 01:53:07.762 GMT+0300,4512.184,4511.682,0.0006,0.0006
04.09.2023 01:53:14.380 GMT+0300,4512.434,4511.932,0.0006,0.0006
04.09.2023 01:53:36.397 GMT+0300,4512.307,4511.802000000001,0.0006,0.0006
04.09.2023 01:53:37.805 GMT+0300,4512.437,4511.929,0.0006,0.0006
04.09.2023 01:54:20.967 GMT+0300,4512.133,4511.664000000001,0.0006,0.0006
04.09.2023 01:54:51.544 GMT+0300,4512.443,4511.917,0.0006,0.0006
04.09.2023 01:54:52.819 GMT+0300,4512.193,4511.727,0.0006,0.0006
04.09.2023 01:54:54.830 GMT+0300,4512.383,4511.92,0.0006,0.0006
04.09.2023 01:55:09.075 GMT+0300,4512.6900000000005,4512.1759999999995,0.0006,0.0006
04.09.2023 01:55:13.293 GMT+0300,4512.9400000000005,4512.423,0.0006,0.0006
04.09.2023 01:55:17.160 GMT+0300,4512.681,4512.161,0.0006,0.0006
04.09.2023 01:55:18.645 GMT+0300,4512.931,4512.429,0.0006,0.0006
04.09.2023 01:55:29.203 GMT+0300,4512.804,4512.302000000001,0.0006,0.0006
04.09.2023 01:55:29.442 GMT+0300,4512.693,4512.173,0.0006,0.0006
04.09.2023 01:56:44.230 GMT+0300,4512.434,4511.914000000001,0.0006,0.0006
04.09.2023 01:57:04.820 GMT+0300,4512.633,4512.164000000001,0.0006,0.0006
04.09.2023 01:57:06.821 GMT+0300,4512.4490000000005,4511.914000000001,0.0006,0.0006
04.09.2023 01:57:07.222 GMT+0300,4512.56,4512.04,0.0006,0.0006
04.09.2023 01:57:12.166 GMT+0300,4512.696,4512.182,0.0006,0.0006
04.09.2023 01:57:13.526 GMT+0300,4512.569,4512.049,0.0006,0.0006
04.09.2023 01:57:15.778 GMT+0300,4512.437,4511.929,0.0006,0.0006
04.09.2023 01:57:46.144 GMT+0300,4512.184,4511.6759999999995,0.0006,0.0006
04.09.2023 01:58:24.988 GMT+0300,4512.06,4511.546,0.0006,0.0006
04.09.2023 01:58:25.793 GMT+0300,4512.184,4511.673,0.0006,0.0006
04.09.2023 01:58:32.298 GMT+0300,4512.054,4511.54,0.0006,0.0006
04.09.2023 01:58:32.648 GMT+0300,4512.193,4511.727,0.0006,0.0006
04.09.2023 01:59:24.210 GMT+0300,4511.946,4511.4259999999995,0.0006,0.0006
04.09.2023 01:59:32.341 GMT+0300,4512.193,4511.67,0.0006,0.0006
04.09.2023 01:59:33.955 GMT+0300,4512.0509999999995,4511.54,0.0006,0.0006
04.09.2023 01:59:34.134 GMT+0300,4511.937,4511.423,0.0006,0.0006
04.09.2023 01:59:40.383 GMT+0300,4512.1900000000005,4511.682,0.0006,0.0006
04.09.2023 02:00:00.521 GMT+0300,4512.443,4511.977,0.0006,0.0006
04.09.2023 02:00:01.102 GMT+0300,4512.193,4511.67,0.0006,0.0006
04.09.2023 02:00:32.181 GMT+0300,4512.434,4511.929,0.0006,0.0006
04.09.2023 02:00:32.476 GMT+0300,4512.1900000000005,4511.679,0.0006,0.0006
04.09.2023 02:00:40.465 GMT+0300,4512.313,4511.784000000001,0.0006,0.0006
04.09.2023 02:00:40.680 GMT+0300,4512.443,4511.977,0.0006,0.0006
04.09.2023 02:01:19.751 GMT+0300,4512.1900000000005,4511.673,0.0006,0.0006
04.09.2023 02:01:28.959 GMT+0300,4511.946,4511.423,0.0006,0.0006
04.09.2023 02:02:26.898 GMT+0300,4512.133,4511.664000000001,0.0006,0.0006
04.09.2023 02:02:51.860 GMT+0300,4511.928,4511.423,0.0006,0.0006
04.09.2023 02:02:52.138 GMT+0300,4512.196,4511.667,0.0006,0.0006
04.09.2023 02:02:53.422 GMT+0300,4511.928,4511.477,0.0006,0.0006
04.09.2023 02:03:12.545 GMT+0300,4511.804,4511.296,0.0006,0.0006
04.09.2023 02:03:12.714 GMT+0300,4511.693,4511.1759999999995,0.0006,0.0006
04.09.2023 02:03:33.246 GMT+0300,4511.804,4511.284000000001,0.0006,0.0006
04.09.2023 02:03:34.990 GMT+0300,4511.693,4511.1759999999995,0.0006,0.0006
04.09.2023 02:03:37.018 GMT+0300,4511.9400000000005,4511.411,0.0006,0.0006
04.09.2023 02:03:38.526 GMT+0300,4511.819,4511.287,0.0006,0.0006
04.09.2023 02:03:40.845 GMT+0300,4511.934,4511.477,0.0006,0.0006
04.09.2023 02:03:42.822 GMT+0300,4511.693,4511.227,0.0006,0.0006
04.09.2023 02:03:45.460 GMT+0300,4511.946,4511.432,0.0006,0.0006
04.09.2023 02:03:46.121 GMT+0300,4511.753,4511.293,0.0006,0.0006
04.09.2023 02:03:47.832 GMT+0300,4511.946,4511.42,0.0006,0.0006
04.09.2023 02:04:05.305 GMT+0300,4512.193,4511.67,0.0006,0.0006
04.09.2023 02:04:06.819 GMT+0300,4512.0509999999995,4511.531,0.0006,0.0006
04.09.2023 02:04:06.992 GMT+0300,4511.9490000000005,4511.4259999999995,0.0006,0.0006
04.09.2023 02:04:19.795 GMT+0300,4512.196,4511.679,0.0006,0.0006
04.09.2023 02:04:20.205 GMT+0300,4512.063,4511.546,0.0006,0.0006
04.09.2023 02:04:57.848 GMT+0300,4511.946,4511.477,0.0006,0.0006
04.09.2023 02:04:58.093 GMT+0300,4512.178,4511.664000000001,0.0006,0.0006
04.09.2023 02:05:01.493 GMT+0300,4511.928,4511.432,0.0006,0.0006
04.09.2023 02:05:57.290 GMT+0300,4511.693,4511.164000000001,0.0006,0.0006
04.09.2023 02:06:15.037 GMT+0300,4511.931,4511.432,0.0006,0.0006
04.09.2023 02:07:40.213 GMT+0300,4512.193,4511.661,0.0006,0.0006
04.09.2023 02:07:41.752 GMT+0300,4511.931,4511.417,0.0006,0.0006
04.09.2023 02:08:00.105 GMT+0300,4512.1900000000005,4511.664000000001,0.0006,0.0006
04.09.2023 02:08:14.856 GMT+0300,4511.931,4511.429,0.0006,0.0006
04.09.2023 02:08:15.179 GMT+0300,4512.1990000000005,4511.664000000001,0.0006,0.0006
04.09.2023 02:08:16.832 GMT+0300,4511.9490000000005,4511.414000000001,0.0006,0.0006
04.09.2023 02:08:17.113 GMT+0300,4512.181,4511.667,0.0006,0.0006
04.09.2023 02:08:24.123 GMT+0300,4511.928,4511.429,0.0006,0.0006
04.09.2023 02:08:36.076 GMT+0300,4512.196,4511.727,0.0006,0.0006
04.09.2023 02:09:03.051 GMT+0300,4512.4400000000005,4511.923,0.0006,0.0006
04.09.2023 02:09:05.896 GMT+0300,4512.193,4511.667,0.0006,0.0006
04.09.2023 02:09:54.219 GMT+0300,4511.946,4511.477,0.0006,0.0006
04.09.2023 02:09:55.145 GMT+0300,4512.048,4511.54,0.0006,0.0006
04.09.2023 02:09:59.107 GMT+0300,4512.133,4511.667,0.0006,0.0006
04.09.2023 02:10:09.085 GMT+0300,4511.883,4511.411,0.0006,0.0006
04.09.2023 02:15:02.036 GMT+0300,4512.133,4511.667,0.0006,0.0006
04.09.2023 02:15:18.129 GMT+0300,4511.9490000000005,4511.414000000001,0.0006,0.0006
04.09.2023 02:15:54.108 GMT+0300,4511.687,4511.1759999999995,0.0006,0.0006
04.09.2023 02:16:17.520 GMT+0300,4511.753,4511.293,0.0006,0.0006
04.09.2023 02:16:18.072 GMT+0300,4511.934,4511.477,0.0006,0.0006
04.09.2023 02:17:04.548 GMT+0300,4512.184,4511.67,0.0006,0.0006
04.09.2023 02:17:04.700 GMT+0300,4511.946,4511.423,0.0006,0.0006
04.09.2023 02:18:19.083 GMT+0300,4512.178,4511.67,0.0006,0.0006
04.09.2023 02:18:19.689 GMT+0300,4511.928,4511.429,0.0006,0.0006
04.09.2023 02:18:49.361 GMT+0300,4512.1990000000005,4511.727,0.0006,0.0006
04.09.2023 02:22:43.020 GMT+0300,4511.883,4511.423,0.0006,0.0006
04.09.2023 02:23:07.543 GMT+0300,4512.1990000000005,4511.664000000001,0.0006,0.0006
04.09.2023 02:23:56.043 GMT+0300,4511.883,4511.4259999999995,0.0006,0.0006
04.09.2023 02:29:00.593 GMT+0300,4511.693,4511.17,0.0006,0.0006
04.09.2023 02:29:17.106 GMT+0300,4511.9490000000005,4511.423,0.0006,0.0006
04.09.2023 02:29:22.255 GMT+0300,4511.696,4511.161,0.0006,0.0006
04.09.2023 02:29:26.860 GMT+0300,4511.937,4511.429,0.0006,0.0006
04.09.2023 02:30:07.272 GMT+0300,4512.187,4511.664000000001,0.0006,0.0006
04.09.2023 02:31:03.071 GMT+0300,4512.4490000000005,4511.92,0.0006,0.0006
04.09.2023 02:31:34.562 GMT+0300,4512.187,4511.664000000001,0.0006,0.0006
04.09.2023 02:31:41.826 GMT+0300,4512.313,4511.847000000001,0.0006,0.0006
04.09.2023 02:31:43.271 GMT+0300,4512.4490000000005,4511.929,0.0006,0.0006
04.09.2023 02:31:54.234 GMT+0300,4512.184,4511.727,0.0006,0.0006
04.09.2023 02:31:57.071 GMT+0300,4512.428,4511.929,0.0006,0.0006
04.09.2023 02:32:43.276 GMT+0300,4512.196,4511.661,0.0006,0.0006
04.09.2023 02:34:10.054 GMT+0300,4511.946,4511.423,0.0006,0.0006
04.09.2023 02:34:30.625 GMT+0300,4512.1900000000005,4511.682,0.0006,0.0006
04.09.2023 02:34:33.706 GMT+0300,4511.943,4511.429,0.0006,0.0006
04.09.2023 02:38:04.853 GMT+0300,4511.6990000000005,4511.173,0.0006,0.0006
04.09.2023 02:39:02.665 GMT+0300,4511.937,4511.414000000001,0.0006,0.0006
04.09.2023 02:39:15.641 GMT+0300,4511.678,4511.1759999999995,0.0006,0.0006
04.09.2023 02:39:25.409 GMT+0300,4511.943,4511.429,0.0006,0.0006
04.09.2023 02:39:34.974 GMT+0300,4512.133,4511.667,0.0006,0.0006
04.09.2023 02:39:56.399 GMT+0300,4511.883,4511.429,0.0006,0.0006
04.09.2023 02:40:22.141 GMT+0300,4511.6900000000005,4511.179,0.0006,0.0006
04.09.2023 02:41:07.819 GMT+0300,4511.9490000000005,4511.417,0.0006,0.0006
04.09.2023 02:41:13.299 GMT+0300,4511.753,4511.287,0.0006,0.0006
04.09.2023 02:41:13.426 GMT+0300,4511.681,4511.164000000001,0.0006,0.0006
04.09.2023 02:41:33.809 GMT+0300,4511.934,4511.429,0.0006,0.0006
04.09.2023 02:42:20.641 GMT+0300,4512.178,4511.673,0.0006,0.0006
04.09.2023 02:42:35.251 GMT+0300,4512.383,4511.932,0.0006,0.0006
04.09.2023 02:42:40.265 GMT+0300,4512.193,4511.673,0.0006,0.0006
04.09.2023 02:42:40.811 GMT+0300,4512.431,4511.92,0.0006,0.0006
04.09.2023 02:43:32.667 GMT+0300,4512.187,4511.661,0.0006,0.0006
04.09.2023 02:43:33.961 GMT+0300,4512.383,4511.977,0.0006,0.0006
04.09.2023 02:44:04.915 GMT+0300,4512.684,4512.182,0.0006,0.0006
04.09.2023 02:44:10.130 GMT+0300,4512.443,4511.977,0.0006,0.0006
04.09.2023 02:44:10.734 GMT+0300,4512.678,4512.161,0.0006,0.0006
04.09.2023 02:44:45.779 GMT+0300,4512.931,4512.432,0.0006,0.0006
04.09.2023 02:45:15.233 GMT+0300,4513.187,4512.673,0.0006,0.0006
04.09.2023 02:45:19.932 GMT+0300,4513.434,4512.923,0.0006,0.0006
04.09.2023 02:45:26.578 GMT+0300,4513.184,4512.667,0.0006,0.0006
04.09.2023 02:45:26.954 GMT+0300,4513.437,4512.932,0.0006,0.0006
04.09.2023 02:45:46.264 GMT+0300,4513.193,4512.667,0.0006,0.0006
04.09.2023 02:45:47.822 GMT+0300,4513.307,4512.79,0.0006,0.0006
04.09.2023 02:45:48.837 GMT+0300,4513.181,4512.67,0.0006,0.0006
04.09.2023 02:45:49.065 GMT+0300,4513.383,4512.932,0.0006,0.0006
04.09.2023 02:45:49.247 GMT+0300,4513.187,4512.673,0.0006,0.0006
04.09.2023 02:45:50.572 GMT+0300,4513.434,4512.92,0.0006,0.0006
04.09.2023 02:46:20.855 GMT+0300,4513.678,4513.182,0.0006,0.0006
04.09.2023 02:46:30.164 GMT+0300,4513.931,4513.432,0.0006,0.0006
04.09.2023 02:46:32.050 GMT+0300,4513.696,4513.179,0.0006,0.0006
04.09.2023 02:46:32.168 GMT+0300,4513.883,4513.417,0.0006,0.0006
04.09.2023 02:46:37.813 GMT+0300,4513.684,4513.182,0.0006,0.0006
04.09.2023 02:46:38.222 GMT+0300,4513.883,4513.4259999999995,0.0006,0.0006
04.09.2023 02:46:40.261 GMT+0300,4513.696,4513.227,0.0006,0.0006
04.09.2023 02:46:40.608 GMT+0300,4513.819,4513.347000000001,0.0006,0.0006
04.09.2023 02:46:42.048 GMT+0300,4513.943,4513.477,0.0006,0.0006
04.09.2023 02:46:42.611 GMT+0300,4513.813,4513.293,0.0006,0.0006
04.09.2023 02:46:43.144 GMT+0300,4513.681,4513.227,0.0006,0.0006
04.09.2023 02:46:43.300 GMT+0300,4513.934,4513.417,0.0006,0.0006
04.09.2023 02:46:45.350 GMT+0300,4513.693,4513.167,0.0006,0.0006
04.09.2023 02:46:47.829 GMT+0300,4513.937,4513.4259999999995,0.0006,0.0006
04.09.2023 02:46:50.961 GMT+0300,4513.816,4513.299,0.0006,0.0006
04.09.2023 02:46:54.756 GMT+0300,4513.684,4513.227,0.0006,0.0006
04.09.2023 02:46:57.244 GMT+0300,4513.816,4513.281,0.0006,0.0006
04.09.2023 02:46:57.408 GMT+0300,4513.681,4513.179,0.0006,0.0006
04.09.2023 02:47:28.610 GMT+0300,4513.434,4512.923,0.0006,0.0006
04.09.2023 02:47:32.665 GMT+0300,4513.633,4513.173,0.0006,0.0006
04.09.2023 02:47:35.275 GMT+0300,4513.383,4512.917,0.0006,0.0006
04.09.2023 02:47:35.856 GMT+0300,4513.684,4513.1759999999995,0.0006,0.0006
04.09.2023 02:48:08.333 GMT+0300,4513.569,4513.04,0.0006,0.0006
04.09.2023 02:48:08.473 GMT+0300,4513.434,4512.977,0.0006,0.0006
04.09.2023 02:48:44.110 GMT+0300,4513.684,4513.173,0.0006,0.0006
04.09.2023 02:48:55.314 GMT+0300,4513.946,4513.417,0.0006,0.0006
04.09.2023 02:48:59.245 GMT+0300,4513.6990000000005,4513.1759999999995,0.0006,0.0006
04.09.2023 02:49:07.886 GMT+0300,4513.9400000000005,4513.477,0.0006,0.0006
04.09.2023 02:49:07.987 GMT+0300,4513.633,4513.167,0.0006,0.0006
04.09.2023 02:49:09.198 GMT+0300,4513.816,4513.302000000001,0.0006,0.0006
04.09.2023 02:49:09.412 GMT+0300,4513.6990000000005,4513.173,0.0006,0.0006
04.09.2023 02:49:40.019 GMT+0300,4513.937,4513.429,0.0006,0.0006
04.09.2023 02:50:01.269 GMT+0300,4513.696,4513.167,0.0006,0.0006
04.09.2023 02:50:14.544 GMT+0300,4513.883,4513.423,0.0006,0.0006
04.09.2023 02:51:38.615 GMT+0300,4513.684,4513.227,0.0006,0.0006
04.09.2023 02:51:38.991 GMT+0300,4513.9400000000005,4513.432,0.0006,0.0006
04.09.2023 02:51:44.355 GMT+0300,4513.693,4513.161,0.0006,0.0006
04.09.2023 02:51:44.523 GMT+0300,4513.934,4513.423,0.0006,0.0006
04.09.2023 02:51:49.404 GMT+0300,4513.678,4513.161,0.0006,0.0006
04.09.2023 02:51:53.108 GMT+0300,4513.753,4513.293,0.0006,0.0006
04.09.2023 02:51:53.693 GMT+0300,4513.678,4513.227,0.0006,0.0006
04.09.2023 02:51:54.071 GMT+0300,4513.816,4513.302000000001,0.0006,0.0006
04.09.2023 02:51:55.774 GMT+0300,4513.943,4513.42,0.0006,0.0006
04.09.2023 02:51:57.985 GMT+0300,4513.753,4513.29,0.0006,0.0006
04.09.2023 02:52:02.544 GMT+0300,4513.943,4513.411,0.0006,0.0006
04.09.2023 02:52:22.434 GMT+0300,4513.696,4513.164000000001,0.0006,0.0006
04.09.2023 02:52:47.838 GMT+0300,4513.431,4512.914000000001,0.0006,0.0006
04.09.2023 02:52:50.076 GMT+0300,4513.693,4513.173,0.0006,0.0006
04.09.2023 02:52:50.834 GMT+0300,4513.434,4512.914000000001,0.0006,0.0006
04.09.2023 02:52:50.969 GMT+0300,4513.503,4513.031,0.0006,0.0006
04.09.2023 02:52:51.800 GMT+0300,4513.684,4513.164000000001,0.0006,0.0006
04.09.2023 02:53:03.930 GMT+0300,4513.446,4512.9259999999995,0.0006,0.0006
04.09.2023 02:53:04.032 GMT+0300,4513.6990000000005,4513.182,0.0006,0.0006
04.09.2023 02:53:05.664 GMT+0300,4513.569,4513.037,0.0006,0.0006
04.09.2023 02:53:06.679 GMT+0300,4513.696,4513.227,0.0006,0.0006
04.09.2023 02:53:18.135 GMT+0300,4513.8009999999995,4513.29,0.0006,0.0006
04.09.2023 02:53:18.263 GMT+0300,4513.9400000000005,4513.432,0.0006,0.0006
04.09.2023 02:53:19.261 GMT+0300,4514.048,4513.537,0.0006,0.0006
04.09.2023 02:53:19.527 GMT+0300,4514.133,4513.664000000001,0.0006,0.0006
04.09.2023 02:53:20.272 GMT+0300,4513.937,4513.423,0.0006,0.0006
04.09.2023 02:53:23.668 GMT+0300,4514.057,4513.534000000001,0.0006,0.0006
04.09.2023 02:53:24.479 GMT+0300,4513.9490000000005,4513.417,0.0006,0.0006
04.09.2023 02:53:26.790 GMT+0300,4514.178,4513.6759999999995,0.0006,0.0006
04.09.2023 02:53:28.276 GMT+0300,4514.0509999999995,4513.54,0.0006,0.0006
04.09.2023 02:53:28.440 GMT+0300,4514.187,4513.727,0.0006,0.0006
04.09.2023 02:54:03.236 GMT+0300,4513.883,4513.429,0.0006,0.0006
04.09.2023 02:54:11.908 GMT+0300,4514.1990000000005,4513.6759999999995,0.0006,0.0006
04.09.2023 02:54:51.622 GMT+0300,4513.943,4513.429,0.0006,0.0006
04.09.2023 02:55:00.302 GMT+0300,4514.054,4513.531,0.0006,0.0006
04.09.2023 02:55:00.631 GMT+0300,4513.937,4513.417,0.0006,0.0006
04.09.2023 02:55:02.408 GMT+0300,4514.066,4513.537,0.0006,0.0006
04.09.2023 02:55:02.676 GMT+0300,4513.9400000000005,4513.411,0.0006,0.0006
04.09.2023 02:55:04.939 GMT+0300,4514.06,4513.549,0.0006,0.0006
04.09.2023 02:55:06.294 GMT+0300,4513.931,4513.414000000001,0.0006,0.0006
04.09.2023 02:55:12.126 GMT+0300,4513.633,4513.173,0.0006,0.0006
04.09.2023 02:55:12.535 GMT+0300,4513.9490000000005,4513.429,0.0006,0.0006
04.09.2023 02:55:13.115 GMT+0300,4513.681,4513.164000000001,0.0006,0.0006
04.09.2023 02:55:13.297 GMT+0300,4513.816,4513.287,0.0006,0.0006
04.09.2023 02:55:15.155 GMT+0300,4513.937,4513.477,0.0006,0.0006
04.09.2023 02:55:21.510 GMT+0300,4513.813,4513.299,0.0006,0.0006
04.09.2023 02:55:22.108 GMT+0300,4513.684,4513.17,0.0006,0.0006
04.09.2023 02:55:22.210 GMT+0300,4513.807,4513.29,0.0006,0.0006
04.09.2023 02:55:23.126 GMT+0300,4513.9400000000005,4513.417,0.0006,0.0006
04.09.2023 02:55:24.106 GMT+0300,4513.81,4513.284000000001,0.0006,0.0006
04.09.2023 02:55:34.128 GMT+0300,4513.696,4513.164000000001,0.0006,0.0006
04.09.2023 02:55:35.275 GMT+0300,4513.8009999999995,4513.302000000001,0.0006,0.0006
04.09.2023 02:55:35.414 GMT+0300,4513.934,4513.477,0.0006,0.0006
04.09.2023 02:55:36.192 GMT+0300,4513.684,4513.227,0.0006,0.0006
04.09.2023 02:55:36.458 GMT+0300,4513.798,4513.347000000001,0.0006,0.0006
04.09.2023 02:55:37.284 GMT+0300,4513.9490000000005,4513.423,0.0006,0.0006
04.09.2023 02:55:44.385 GMT+0300,4513.753,4513.299,0.0006,0.0006
04.09.2023 02:55:47.034 GMT+0300,4513.6990000000005,4513.173,0.0006,0.0006
04.09.2023 02:56:07.230 GMT+0300,4513.431,4512.923,0.0006,0.0006
04.09.2023 02:56:07.554 GMT+0300,4513.678,4513.17,0.0006,0.0006
04.09.2023 02:56:22.742 GMT+0300,4513.5509999999995,4513.034000000001,0.0006,0.0006
04.09.2023 02:56:23.116 GMT+0300,4513.443,4512.914000000001,0.0006,0.0006
04.09.2023 02:56:23.267 GMT+0300,4513.563,4513.049,0.0006,0.0006
04.09.2023 02:56:24.239 GMT+0300,4513.437,4512.9259999999995,0.0006,0.0006
04.09.2023 02:56:24.632 GMT+0300,4513.566,4513.031,0.0006,0.0006
04.09.2023 02:56:27.910 GMT+0300,4513.383,4512.911,0.0006,0.0006
04.09.2023 02:56:45.745 GMT+0300,4513.1990000000005,4512.661,0.0006,0.0006
04.09.2023 02:56:46.206 GMT+0300,4513.3009999999995,4512.787,0.0006,0.0006
04.09.2023 02:56:51.120 GMT+0300,4513.428,4512.932,0.0006,0.0006
04.09.2023 02:56:51.723 GMT+0300,4513.307,4512.796,0.0006,0.0006
04.09.2023 02:56:52.203 GMT+0300,4513.446,4512.917,0.0006,0.0006
04.09.2023 02:56:54.899 GMT+0300,4513.307,4512.784000000001,0.0006,0.0006
04.09.2023 02:56:55.628 GMT+0300,4513.184,4512.682,0.0006,0.0006
04.09.2023 02:57:03.358 GMT+0300,4513.443,4512.914000000001,0.0006,0.0006
04.09.2023 02:57:10.016 GMT+0300,4513.3009999999995,4512.781,0.0006,0.0006
04.09.2023 02:57:11.083 GMT+0300,4513.187,4512.6759999999995,0.0006,0.0006
04.09.2023 02:57:12.995 GMT+0300,4513.428,4512.92,0.0006,0.0006
04.09.2023 02:57:13.605 GMT+0300,4513.187,4512.664000000001,0.0006,0.0006
04.09.2023 02:57:15.059 GMT+0300,4513.253,4512.793,0.0006,0.0006
04.09.2023 02:57:16.873 GMT+0300,4513.431,4512.914000000001,0.0006,0.0006
04.09.2023 02:58:27.422 GMT+0300,4513.1990000000005,4512.6759999999995,0.0006,0.0006
04.09.2023 02:58:29.641 GMT+0300,4513.434,4512.914000000001,0.0006,0.0006
04.09.2023 02:58:29.845 GMT+0300,4513.298,4512.802000000001,0.0006,0.0006
04.09.2023 02:58:30.343 GMT+0300,4513.443,4512.932,0.0006,0.0006
04.09.2023 02:58:31.339 GMT+0300,4513.298,4512.793,0.0006,0.0006
04.09.2023 02:58:31.797 GMT+0300,4513.437,4512.932,0.0006,0.0006
04.09.2023 02:58:37.567 GMT+0300,4513.133,4512.682,0.0006,0.0006
04.09.2023 02:58:39.155 GMT+0300,4513.4490000000005,4512.914000000001,0.0006,0.0006
04.09.2023 02:58:55.785 GMT+0300,4513.181,4512.673,0.0006,0.0006
04.09.2023 02:58:56.415 GMT+0300,4513.298,4512.787,0.0006,0.0006
04.09.2023 02:58:59.199 GMT+0300,4513.4400000000005,4512.92,0.0006,0.0006
04.09.2023 02:59:49.101 GMT+0300,4513.684,4513.164000000001,0.0006,0.0006
04.09.2023 03:00:02.714 GMT+0300,4513.883,4513.417,0.0006,0.0006
04.09.2023 03:00:04.558 GMT+0300,4514.193,4513.6759999999995,0.0006,0.0006
04.09.2023 03:00:05.286 GMT+0300,4514.428,4513.923,0.0006,0.0006
04.09.2023 03:00:07.009 GMT+0300,4514.196,4513.67,0.0006,0.0006
04.09.2023 03:00:07.115 GMT+0300,4514.383,4513.923,0.0006,0.0006
04.09.2023 03:00:08.600 GMT+0300,4514.181,4513.682,0.0006,0.0006
04.09.2023 03:00:08.706 GMT+0300,4514.434,4513.9259999999995,0.0006,0.0006
04.09.2023 03:00:08.849 GMT+0300,4514.181,4513.673,0.0006,0.0006
04.09.2023 03:00:15.330 GMT+0300,4513.9400000000005,4513.417,0.0006,0.0006
04.09.2023 03:00:22.802 GMT+0300,4514.048,4513.531,0.0006,0.0006
04.09.2023 03:00:23.052 GMT+0300,4514.1990000000005,4513.682,0.0006,0.0006
04.09.2023 03:00:23.627 GMT+0300,4514.431,4513.914000000001,0.0006,0.0006
04.09.2023 03:00:27.763 GMT+0300,4514.184,4513.667,0.0006,0.0006
04.09.2023 03:00:28.407 GMT+0300,4514.253,4513.802000000001,0.0006,0.0006
04.09.2023 03:00:28.656 GMT+0300,4514.1990000000005,4513.679,0.0006,0.0006
04.09.2023 03:00:33.758 GMT+0300,4514.4490000000005,4513.911,0.0006,0.0006
04.09.2023 03:00:35.923 GMT+0300,4514.1990000000005,4513.67,0.0006,0.0006
04.09.2023 03:00:36.030 GMT+0300,4514.4490000000005,4513.923,0.0006,0.0006
04.09.2023 03:00:36.251 GMT+0300,4514.316,4513.787,0.0006,0.0006
04.09.2023 03:00:36.379 GMT+0300,4514.428,4513.932,0.0006,0.0006
04.09.2023 03:00:39.145 GMT+0300,4514.684,4514.161,0.0006,0.0006
04.09.2023 03:00:42.456 GMT+0300,4514.437,4513.932,0.0006,0.0006
04.09.2023 03:00:44.173 GMT+0300,4514.693,4514.182,0.0006,0.0006
04.09.2023 03:00:44.453 GMT+0300,4514.4490000000005,4513.932,0.0006,0.0006
04.09.2023 03:00:47.074 GMT+0300,4514.696,4514.164000000001,0.0006,0.0006
04.09.2023 03:00:52.142 GMT+0300,4514.437,4513.917,0.0006,0.0006
04.09.2023 03:00:53.967 GMT+0300,4514.6900000000005,4514.227,0.0006,0.0006
04.09.2023 03:00:57.792 GMT+0300,4514.5509999999995,4514.097000000001,0.0006,0.0006
04.09.2023 03:00:57.965 GMT+0300,4514.428,4513.917,0.0006,0.0006
04.09.2023 03:00:58.162 GMT+0300,4514.563,4514.052000000001,0.0006,0.0006
04.09.2023 03:00:58.761 GMT+0300,4514.684,4514.179,0.0006,0.0006
04.09.2023 03:01:00.239 GMT+0300,4514.431,4513.9259999999995,0.0006,0.0006
04.09.2023 03:01:00.455 GMT+0300,4514.696,4514.167,0.0006,0.0006
04.09.2023 03:01:03.776 GMT+0300,4514.4400000000005,4513.929,0.0006,0.0006
04.09.2023 03:01:04.018 GMT+0300,4514.548,4514.04,0.0006,0.0006
04.09.2023 03:01:04.351 GMT+0300,4514.687,4514.227,0.0006,0.0006
04.09.2023 03:01:04.668 GMT+0300,4514.434,4513.929,0.0006,0.0006
04.09.2023 03:01:07.892 GMT+0300,4514.178,4513.682,0.0006,0.0006
04.09.2023 03:01:09.494 GMT+0300,4513.937,4513.417,0.0006,0.0006
04.09.2023 03:01:10.113 GMT+0300,4514.06,4513.54,0.0006,0.0006
04.09.2023 03:01:10.490 GMT+0300,4513.883,4513.429,0.0006,0.0006
04.09.2023 03:01:10.596 GMT+0300,4514.054,4513.597000000001,0.0006,0.0006
04.09.2023 03:01:10.847 GMT+0300,4513.946,4513.42,0.0006,0.0006
04.09.2023 03:01:11.050 GMT+0300,4514.193,4513.667,0.0006,0.0006
04.09.2023 03:01:11.723 GMT+0300,4513.931,4513.414000000001,0.0006,0.0006
04.09.2023 03:01:12.602 GMT+0300,4514.003,4513.546,0.0006,0.0006
04.09.2023 03:01:12.706 GMT+0300,4513.937,4513.432,0.0006,0.0006
04.09.2023 03:01:15.215 GMT+0300,4514.06,4513.597000000001,0.0006,0.0006
04.09.2023 03:01:15.327 GMT+0300,4514.133,4513.673,0.0006,0.0006
04.09.2023 03:01:19.167 GMT+0300,4513.883,4513.477,0.0006,0.0006
04.09.2023 03:01:21.537 GMT+0300,4514.196,4513.667,0.0006,0.0006
04.09.2023 03:01:26.119 GMT+0300,4514.06,4513.54,0.0006,0.0006
04.09.2023 03:01:26.428 GMT+0300,4513.931,4513.42,0.0006,0.0006
04.09.2023 03:01:26.631 GMT+0300,4514.06,4513.552000000001,0.0006,0.0006
04.09.2023 03:01:27.126 GMT+0300,4513.928,4513.411,0.0006,0.0006
04.09.2023 03:01:35.619 GMT+0300,4513.687,4513.227,0.0006,0.0006
04.09.2023 03:01:36.189 GMT+0300,4513.928,4513.429,0.0006,0.0006
04.09.2023 03:01:46.716 GMT+0300,4514.133,4513.727,0.0006,0.0006
04.09.2023 03:01:48.068 GMT+0300,4514.048,4513.531,0.0006,0.0006
04.09.2023 03:01:48.217 GMT+0300,4513.937,4513.417,0.0006,0.0006
04.09.2023 03:01:51.616 GMT+0300,4514.196,4513.727,0.0006,0.0006
04.09.2023 03:01:57.898 GMT+0300,4513.9490000000005,4513.423,0.0006,0.0006
04.09.2023 03:01:58.172 GMT+0300,4514.054,4513.597000000001,0.0006,0.0006
04.09.2023 03:01:58.379 GMT+0300,4513.946,4513.4259999999995,0.0006,0.0006
04.09.2023 03:01:58.919 GMT+0300,4514.06,4513.534000000001,0.0006,0.0006
04.09.2023 03:01:59.620 GMT+0300,4513.931,4513.432,0.0006,0.0006
04.09.2023 03:02:10.433 GMT+0300,4514.181,4513.661,0.0006,0.0006
04.09.2023 03:02:14.681 GMT+0300,4513.946,4513.417,0.0006,0.0006
04.09.2023 03:02:26.655 GMT+0300,4514.193,4513.664000000001,0.0006,0.0006
04.09.2023 03:02:31.538 GMT+0300,4514.069,4513.534000000001,0.0006,0.0006
04.09.2023 03:02:31.796 GMT+0300,4513.928,4513.414000000001,0.0006,0.0006
04.09.2023 03:02:32.054 GMT+0300,4514.048,4513.549,0.0006,0.0006
04.09.2023 03:02:32.303 GMT+0300,4513.9490000000005,4513.423,0.0006,0.0006
04.09.2023 03:02:38.861 GMT+0300,4514.193,4513.661,0.0006,0.0006
04.09.2023 03:02:39.159 GMT+0300,4514.063,4513.546,0.0006,0.0006
04.09.2023 03:02:39.805 GMT+0300,4513.937,4513.477,0.0006,0.0006
04.09.2023 03:02:48.211 GMT+0300,4514.178,4513.664000000001,0.0006,0.0006
04.09.2023 03:03:02.276 GMT+0300,4513.937,4513.432,0.0006,0.0006
04.09.2023 03:03:10.597 GMT+0300,4513.693,4513.167,0.0006,0.0006
04.09.2023 03:03:35.189 GMT+0300,4513.934,4513.42,0.0006,0.0006
04.09.2023 03:03:35.873 GMT+0300,4513.8009999999995,4513.287,0.0006,0.0006
04.09.2023 03:03:35.979 GMT+0300,4513.883,4513.411,0.0006,0.0006
04.09.2023 03:03:50.374 GMT+0300,4513.684,4513.161,0.0006,0.0006
04.09.2023 03:03:53.520 GMT+0300,4513.943,4513.417,0.0006,0.0006
04.09.2023 03:03:57.431 GMT+0300,4513.8009999999995,4513.347000000001,0.0006,0.0006
04.09.2023 03:03:58.446 GMT+0300,4513.943,4513.4259999999995,0.0006,0.0006
04.09.2023 03:04:03.139 GMT+0300,4513.681,4513.167,0.0006,0.0006
04.09.2023 03:04:11.639 GMT+0300,4513.446,4512.911,0.0006,0.0006
04.09.2023 03:04:12.821 GMT+0300,4513.178,4512.679,0.0006,0.0006
04.09.2023 03:04:13.150 GMT+0300,4513.446,4512.923,0.0006,0.0006
04.09.2023 03:04:30.745 GMT+0300,4513.6990000000005,4513.164000000001,0.0006,0.0006
04.09.2023 03:04:36.500 GMT+0300,4513.428,4512.911,0.0006,0.0006
04.09.2023 03:04:36.601 GMT+0300,4513.566,4513.052000000001,0.0006,0.0006
04.09.2023 03:04:36.755 GMT+0300,4513.681,4513.164000000001,0.0006,0.0006
04.09.2023 03:04:38.018 GMT+0300,4513.503,4513.031,0.0006,0.0006
04.09.2023 03:04:38.133 GMT+0300,4513.678,4513.167,0.0006,0.0006
04.09.2023 03:04:39.607 GMT+0300,4513.5509999999995,4513.052000000001,0.0006,0.0006
04.09.2023 03:04:40.088 GMT+0300,4513.684,4513.1759999999995,0.0006,0.0006
04.09.2023 03:04:43.642 GMT+0300,4513.503,4513.049,0.0006,0.0006
04.09.2023 03:04:44.584 GMT+0300,4513.428,4512.914000000001,0.0006,0.0006
04.09.2023 03:05:02.748 GMT+0300,4513.681,4513.161,0.0006,0.0006
04.09.2023 03:05:08.442 GMT+0300,4513.4400000000005,4512.923,0.0006,0.0006
04.09.2023 03:05:10.407 GMT+0300,4513.178,4512.673,0.0006,0.0006
04.09.2023 03:05:10.648 GMT+0300,4513.31,4512.781,0.0006,0.0006
04.09.2023 03:05:11.251 GMT+0300,4513.187,4512.667,0.0006,0.0006
04.09.2023 03:05:11.843 GMT+0300,4513.383,4512.932,0.0006,0.0006
04.09.2023 03:05:13.074 GMT+0300,4513.1900000000005,4512.667,0.0006,0.0006
04.09.2023 03:05:16.988 GMT+0300,4513.443,4512.932,0.0006,0.0006
04.09.2023 03:05:17.888 GMT+0300,4513.187,4512.664000000001,0.0006,0.0006
04.09.2023 03:05:22.923 GMT+0300,4513.446,4512.923,0.0006,0.0006
04.09.2023 03:05:23.138 GMT+0300,4513.253,4512.793,0.0006,0.0006
04.09.2023 03:05:23.292 GMT+0300,4513.193,4512.673,0.0006,0.0006
04.09.2023 03:05:24.990 GMT+0300,4513.446,4512.977,0.0006,0.0006
04.09.2023 03:05:56.480 GMT+0300,4513.196,4512.673,0.0006,0.0006
04.09.2023 03:05:56.626 GMT+0300,4513.446,4512.977,0.0006,0.0006
04.09.2023 03:05:58.561 GMT+0300,4513.1990000000005,4512.664000000001,0.0006,0.0006
04.09.2023 03:06:01.321 GMT+0300,4513.383,4512.9259999999995,0.0006,0.0006
04.09.2023 03:06:01.431 GMT+0300,4513.307,4512.796,0.0006,0.0006
04.09.2023 03:06:01.596 GMT+0300,4513.1990000000005,4512.664000000001,0.0006,0.0006
04.09.2023 03:06:02.937 GMT+0300,4513.437,4512.977,0.0006,0.0006
04.09.2023 03:06:03.130 GMT+0300,4513.307,4512.799,0.0006,0.0006
04.09.2023 03:06:03.246 GMT+0300,4513.1990000000005,4512.682,0.0006,0.0006
04.09.2023 03:06:04.072 GMT+0300,4513.383,4512.914000000001,0.0006,0.0006
04.09.2023 03:06:05.225 GMT+0300,4513.187,4512.661,0.0006,0.0006
04.09.2023 03:06:05.444 GMT+0300,4513.319,4512.79,0.0006,0.0006
04.09.2023 03:06:08.593 GMT+0300,4513.178,4512.727,0.0006,0.0006
04.09.2023 03:06:10.854 GMT+0300,4513.4400000000005,4512.923,0.0006,0.0006
04.09.2023 03:06:19.040 GMT+0300,4513.1900000000005,4512.667,0.0006,0.0006
04.09.2023 03:06:42.529 GMT+0300,4513.3009999999995,4512.802000000001,0.0006,0.0006
04.09.2023 03:06:43.283 GMT+0300,4513.133,4512.67,0.0006,0.0006
04.09.2023 03:07:13.553 GMT+0300,4513.437,4512.917,0.0006,0.0006
04.09.2023 03:07:36.555 GMT+0300,4513.678,4513.164000000001,0.0006,0.0006
04.09.2023 03:07:39.205 GMT+0300,4513.443,4512.914000000001,0.0006,0.0006
04.09.2023 03:07:39.365 GMT+0300,4513.56,4513.034000000001,0.0006,0.0006
04.09.2023 03:07:39.908 GMT+0300,4513.693,4513.1759999999995,0.0006,0.0006
04.09.2023 03:07:42.268 GMT+0300,4513.4400000000005,4512.977,0.0006,0.0006
04.09.2023 03:07:43.853 GMT+0300,4513.503,4513.043,0.0006,0.0006
04.09.2023 03:07:44.033 GMT+0300,4513.681,4513.227,0.0006,0.0006
04.09.2023 03:08:00.964 GMT+0300,4513.883,4513.432,0.0006,0.0006
04.09.2023 03:08:02.327 GMT+0300,4514.054,4513.597000000001,0.0006,0.0006
04.09.2023 03:08:02.458 GMT+0300,4514.187,4513.67,0.0006,0.0006
04.09.2023 03:08:10.045 GMT+0300,4514.434,4513.977,0.0006,0.0006
04.09.2023 03:08:16.153 GMT+0300,4514.193,4513.667,0.0006,0.0006
04.09.2023 03:08:17.103 GMT+0300,4514.304,4513.79,0.0006,0.0006
04.09.2023 03:08:17.543 GMT+0300,4514.1990000000005,4513.673,0.0006,0.0006
04.09.2023 03:08:18.980 GMT+0300,4514.4400000000005,4513.923,0.0006,0.0006
04.09.2023 03:08:20.678 GMT+0300,4514.3009999999995,4513.802000000001,0.0006,0.0006
04.09.2023 03:08:21.916 GMT+0300,4514.431,4513.9259999999995,0.0006,0.0006
04.09.2023 03:08:22.162 GMT+0300,4514.196,4513.682,0.0006,0.0006
04.09.2023 03:08:22.316 GMT+0300,4514.434,4513.929,0.0006,0.0006
04.09.2023 03:08:40.736 GMT+0300,4514.298,4513.793,0.0006,0.0006
04.09.2023 03:08:44.174 GMT+0300,4514.133,4513.67,0.0006,0.0006
04.09.2023 03:09:06.159 GMT+0300,4514.304,4513.787,0.0006,0.0006
04.09.2023 03:09:06.293 GMT+0300,4514.383,4513.977,0.0006,0.0006
04.09.2023 03:09:09.983 GMT+0300,4514.196,4513.67,0.0006,0.0006
04.09.2023 03:09:13.827 GMT+0300,4513.9490000000005,4513.477,0.0006,0.0006
04.09.2023 03:09:27.604 GMT+0300,4513.696,4513.167,0.0006,0.0006
04.09.2023 03:09:38.409 GMT+0300,4513.934,4513.429,0.0006,0.0006
04.09.2023 03:09:59.778 GMT+0300,4514.181,4513.6759999999995,0.0006,0.0006
04.09.2023 03:10:07.779 GMT+0300,4514.431,4513.9259999999995,0.0006,0.0006
04.09.2023 03:10:09.202 GMT+0300,4514.253,4513.79,0.0006,0.0006
04.09.2023 03:10:11.879 GMT+0300,4514.431,4513.929,0.0006,0.0006
04.09.2023 03:10:19.917 GMT+0300,4514.181,4513.664000000001,0.0006,0.0006
04.09.2023 03:10:20.066 GMT+0300,4514.383,4513.9259999999995,0.0006,0.0006
04.09.2023 03:10:20.807 GMT+0300,4514.307,4513.784000000001,0.0006,0.0006
04.09.2023 03:10:21.108 GMT+0300,4514.181,4513.679,0.0006,0.0006
04.09.2023 03:10:22.091 GMT+0300,4514.434,4513.929,0.0006,0.0006
04.09.2023 03:10:26.518 GMT+0300,4514.298,4513.796,0.0006,0.0006
04.09.2023 03:10:27.179 GMT+0300,4514.178,4513.682,0.0006,0.0006
04.09.2023 03:10:27.377 GMT+0300,4514.307,4513.787,0.0006,0.0006
04.09.2023 03:10:27.596 GMT+0300,4514.431,4513.917,0.0006,0.0006
04.09.2023 03:10:29.821 GMT+0300,4514.178,4513.682,0.0006,0.0006
04.09.2023 03:10:29.928 GMT+0300,4514.428,4513.932,0.0006,0.0006
04.09.2023 03:10:32.728 GMT+0300,4514.687,4514.167,0.0006,0.0006
04.09.2023 03:10:34.553 GMT+0300,4514.434,4513.917,0.0006,0.0006
04.09.2023 03:10:36.093 GMT+0300,4514.6990000000005,4514.227,0.0006,0.0006
04.09.2023 03:10:36.423 GMT+0300,4514.56,4514.046,0.0006,0.0006
04.09.2023 03:10:36.834 GMT+0300,4514.383,4513.923,0.0006,0.0006
04.09.2023 03:10:38.734 GMT+0300,4514.696,4514.182,0.0006,0.0006
04.09.2023 03:10:40.324 GMT+0300,4514.557,4514.031,0.0006,0.0006
04.09.2023 03:10:40.589 GMT+0300,4514.696,4514.1759999999995,0.0006,0.0006
04.09.2023 03:10:44.260 GMT+0300,4514.56,4514.046,0.0006,0.0006
04.09.2023 03:10:44.563 GMT+0300,4514.431,4513.929,0.0006,0.0006
04.09.2023 03:10:45.483 GMT+0300,4514.5509999999995,4514.037,0.0006,0.0006
04.09.2023 03:10:45.732 GMT+0300,4514.4400000000005,4513.923,0.0006,0.0006
04.09.2023 03:10:46.909 GMT+0300,4514.56,4514.097000000001,0.0006,0.0006
04.09.2023 03:10:47.811 GMT+0300,4514.383,4513.932,0.0006,0.0006
04.09.2023 03:10:48.017 GMT+0300,4514.503,4514.052000000001,0.0006,0.0006
04.09.2023 03:10:48.516 GMT+0300,4514.633,4514.1759999999995,0.0006,0.0006
04.09.2023 03:10:50.690 GMT+0300,4514.56,4514.052000000001,0.0006,0.0006
04.09.2023 03:10:52.291 GMT+0300,4514.434,4513.929,0.0006,0.0006
04.09.2023 03:10:53.280 GMT+0300,4514.554,4514.034000000001,0.0006,0.0006
04.09.2023 03:10:53.610 GMT+0300,4514.633,4514.1759999999995,0.0006,0.0006
04.09.2023 03:10:56.121 GMT+0300,4514.4490000000005,4513.917,0.0006,0.0006
04.09.2023 03:11:18.532 GMT+0300,4514.6990000000005,4514.179,0.0006,0.0006
04.09.2023 03:11:19.063 GMT+0300,4514.4490000000005,4513.9259999999995,0.0006,0.0006
04.09.2023 03:11:33.751 GMT+0300,4514.181,4513.727,0.0006,0.0006
04.09.2023 03:11:36.930 GMT+0300,4514.316,4513.799,0.0006,0.0006
04.09.2023 03:11:37.401 GMT+0300,4514.193,4513.673,0.0006,0.0006
04.09.2023 03:11:37.963 GMT+0300,4514.437,4513.914000000001,0.0006,0.0006
04.09.2023 03:11:42.527 GMT+0300,4514.196,4513.727,0.0006,0.0006
04.09.2023 03:11:49.136 GMT+0300,4514.4400000000005,4513.92,0.0006,0.0006
04.09.2023 03:11:52.102 GMT+0300,4514.678,4514.161,0.0006,0.0006
04.09.2023 03:12:07.479 GMT+0300,4514.934,4514.417,0.0006,0.0006
04.09.2023 03:12:07.673 GMT+0300,4514.681,4514.173,0.0006,0.0006
04.09.2023 03:12:15.069 GMT+0300,4514.883,4514.4259999999995,0.0006,0.0006
04.09.2023 03:12:38.986 GMT+0300,4514.6990000000005,4514.17,0.0006,0.0006
04.09.2023 03:12:40.837 GMT+0300,4514.928,4514.432,0.0006,0.0006
04.09.2023 03:12:48.561 GMT+0300,4515.06,4514.543,0.0006,0.0006
04.09.2023 03:12:48.704 GMT+0300,4515.196,4514.661,0.0006,0.0006
04.09.2023 03:12:48.945 GMT+0300,4514.937,4514.4259999999995,0.0006,0.0006
04.09.2023 03:12:49.816 GMT+0300,4515.133,4514.667,0.0006,0.0006
04.09.2023 03:12:51.470 GMT+0300,4514.946,4514.417,0.0006,0.0006
04.09.2023 03:12:51.642 GMT+0300,4515.184,4514.664000000001,0.0006,0.0006
04.09.2023 03:12:55.135 GMT+0300,4514.883,4514.417,0.0006,0.0006
04.09.2023 03:12:59.763 GMT+0300,4515.066,4514.546,0.0006,0.0006
04.09.2023 03:13:00.204 GMT+0300,4515.133,4514.667,0.0006,0.0006
04.09.2023 03:13:00.478 GMT+0300,4515.0509999999995,4514.549,0.0006,0.0006
04.09.2023 03:13:01.043 GMT+0300,4514.928,4514.477,0.0006,0.0006
04.09.2023 03:13:12.262 GMT+0300,4515.06,4514.534000000001,0.0006,0.0006
04.09.2023 03:13:12.426 GMT+0300,4514.937,4514.432,0.0006,0.0006
04.09.2023 03:14:04.085 GMT+0300,4514.687,4514.167,0.0006,0.0006
04.09.2023 03:14:18.310 GMT+0300,4514.934,4514.432,0.0006,0.0006
04.09.2023 03:14:31.398 GMT+0300,4515.003,4514.552000000001,0.0006,0.0006
04.09.2023 03:14:31.501 GMT+0300,4515.184,4514.664000000001,0.0006,0.0006
04.09.2023 03:14:33.069 GMT+0300,4515.0509999999995,4514.552000000001,0.0006,0.0006
04.09.2023 03:14:35.032 GMT+0300,4515.181,4514.727,0.0006,0.0006
04.09.2023 03:14:42.579 GMT+0300,4515.4490000000005,4514.932,0.0006,0.0006
04.09.2023 03:14:43.075 GMT+0300,4515.313,4514.784000000001,0.0006,0.0006
04.09.2023 03:14:44.058 GMT+0300,4515.1900000000005,4514.667,0.0006,0.0006
04.09.2023 03:14:44.252 GMT+0300,4515.434,4514.914000000001,0.0006,0.0006
04.09.2023 03:14:44.567 GMT+0300,4515.178,4514.667,0.0006,0.0006
04.09.2023 03:14:48.824 GMT+0300,4515.298,4514.787,0.0006,0.0006
04.09.2023 03:14:49.168 GMT+0300,4515.1900000000005,4514.679,0.0006,0.0006
04.09.2023 03:15:01.416 GMT+0300,4515.4490000000005,4514.92,0.0006,0.0006
04.09.2023 03:15:11.257 GMT+0300,4515.1900000000005,4514.679,0.0006,0.0006
04.09.2023 03:15:12.281 GMT+0300,4515.443,4514.977,0.0006,0.0006
04.09.2023 03:15:15.415 GMT+0300,4515.184,4514.661,0.0006,0.0006
04.09.2023 03:15:18.704 GMT+0300,4514.883,4514.477,0.0006,0.0006
04.09.2023 03:15:29.926 GMT+0300,4514.687,4514.161,0.0006,0.0006
04.09.2023 03:15:54.912 GMT+0300,4514.937,4514.42,0.0006,0.0006
04.09.2023 03:15:55.888 GMT+0300,4514.753,4514.347000000001,0.0006,0.0006
04.09.2023 03:15:59.808 GMT+0300,4514.928,4514.4259999999995,0.0006,0.0006
04.09.2023 03:16:00.344 GMT+0300,4514.678,4514.161,0.0006,0.0006
04.09.2023 03:16:26.381 GMT+0300,4514.753,4514.299,0.0006,0.0006
04.09.2023 03:16:26.506 GMT+0300,4514.883,4514.432,0.0006,0.0006
04.09.2023 03:16:27.167 GMT+0300,4514.813,4514.29,0.0006,0.0006
04.09.2023 03:16:28.430 GMT+0300,4514.931,4514.477,0.0006,0.0006
04.09.2023 03:16:34.802 GMT+0300,4514.816,4514.299,0.0006,0.0006
04.09.2023 03:16:35.295 GMT+0300,4514.696,4514.227,0.0006,0.0006
04.09.2023 03:16:35.397 GMT+0300,4514.804,4514.287,0.0006,0.0006
04.09.2023 03:16:36.285 GMT+0300,4514.687,4514.17,0.0006,0.0006
04.09.2023 03:16:36.890 GMT+0300,4514.804,4514.29,0.0006,0.0006
04.09.2023 03:16:36.999 GMT+0300,4514.943,4514.477,0.0006,0.0006
04.09.2023 03:16:40.247 GMT+0300,4514.693,4514.161,0.0006,0.0006
04.09.2023 03:16:40.406 GMT+0300,4514.937,4514.42,0.0006,0.0006
04.09.2023 03:16:41.708 GMT+0300,4514.693,4514.164000000001,0.0006,0.0006
04.09.2023 03:16:42.227 GMT+0300,4514.804,4514.287,0.0006,0.0006
04.09.2023 03:16:42.771 GMT+0300,4514.633,4514.227,0.0006,0.0006
04.09.2023 03:16:43.612 GMT+0300,4514.931,4514.432,0.0006,0.0006
04.09.2023 03:16:43.740 GMT+0300,4514.813,4514.29,0.0006,0.0006
04.09.2023 03:16:44.115 GMT+0300,4514.928,4514.477,0.0006,0.0006
04.09.2023 03:16:45.857 GMT+0300,4514.6990000000005,4514.182,0.0006,0.0006
04.09.2023 03:16:46.106 GMT+0300,4514.928,4514.4259999999995,0.0006,0.0006
04.09.2023 03:18:17.746 GMT+0300,4514.687,4514.179,0.0006,0.0006
04.09.2023 03:18:43.061 GMT+0300,4514.9490000000005,4514.423,0.0006,0.0006
04.09.2023 03:18:43.628 GMT+0300,4514.696,4514.173,0.0006,0.0006
04.09.2023 03:19:01.423 GMT+0300,4514.446,4513.977,0.0006,0.0006
04.09.2023 03:19:02.086 GMT+0300,4514.681,4514.1759999999995,0.0006,0.0006
04.09.2023 03:19:04.332 GMT+0300,4514.431,4513.917,0.0006,0.0006
04.09.2023 03:19:04.961 GMT+0300,4514.6900000000005,4514.164000000001,0.0006,0.0006
04.09.2023 03:19:06.168 GMT+0300,4514.56,4514.031,0.0006,0.0006
04.09.2023 03:19:06.687 GMT+0300,4514.434,4513.92,0.0006,0.0006
04.09.2023 03:19:06.921 GMT+0300,4514.684,4514.17,0.0006,0.0006
04.09.2023 03:19:07.237 GMT+0300,4514.428,4513.929,0.0006,0.0006
04.09.2023 03:19:07.357 GMT+0300,4514.6900000000005,4514.182,0.0006,0.0006
04.09.2023 03:19:07.927 GMT+0300,4514.554,4514.097000000001,0.0006,0.0006
04.09.2023 03:19:08.274 GMT+0300,4514.6990000000005,4514.164000000001,0.0006,0.0006
04.09.2023 03:19:08.848 GMT+0300,4514.5509999999995,4514.052000000001,0.0006,0.0006
04.09.2023 03:19:09.273 GMT+0300,4514.383,4513.92,0.0006,0.0006
04.09.2023 03:19:09.469 GMT+0300,4514.566,4514.04,0.0006,0.0006
04.09.2023 03:19:09.656 GMT+0300,4514.693,4514.161,0.0006,0.0006
04.09.2023 03:19:09.985 GMT+0300,4514.446,4513.923,0.0006,0.0006
04.09.2023 03:19:11.024 GMT+0300,4514.56,4514.034000000001,0.0006,0.0006
04.09.2023 03:19:11.262 GMT+0300,4514.443,4513.914000000001,0.0006,0.0006
04.09.2023 03:19:14.191 GMT+0300,4514.684,4514.182,0.0006,0.0006
04.09.2023 03:19:14.750 GMT+0300,4514.443,4513.929,0.0006,0.0006
04.09.2023 03:19:17.470 GMT+0300,4514.196,4513.67,0.0006,0.0006
04.09.2023 03:19:20.734 GMT+0300,4514.431,4513.977,0.0006,0.0006
04.09.2023 03:19:21.152 GMT+0300,4514.1990000000005,4513.667,0.0006,0.0006
04.09.2023 03:19:24.176 GMT+0300,4514.428,4513.977,0.0006,0.0006
04.09.2023 03:19:37.131 GMT+0300,4514.1900000000005,4513.682,0.0006,0.0006
04.09.2023 03:19:40.894 GMT+0300,4514.383,4513.914000000001,0.0006,0.0006
04.09.2023 03:19:41.038 GMT+0300,4514.316,4513.793,0.0006,0.0006
04.09.2023 03:19:41.222 GMT+0300,4514.383,4513.911,0.0006,0.0006
04.09.2023 03:19:41.628 GMT+0300,4514.298,4513.79,0.0006,0.0006
04.09.2023 03:19:42.414 GMT+0300,4514.428,4513.929,0.0006,0.0006
04.09.2023 03:19:43.170 GMT+0300,4514.181,4513.67,0.0006,0.0006
04.09.2023 03:19:48.424 GMT+0300,4514.383,4513.929,0.0006,0.0006
04.09.2023 03:21:28.718 GMT+0300,4514.6990000000005,4514.17,0.0006,0.0006
04.09.2023 03:21:47.160 GMT+0300,4514.883,4514.417,0.0006,0.0006
04.09.2023 03:22:07.217 GMT+0300,4515.1990000000005,4514.682,0.0006,0.0006
04.09.2023 03:22:20.492 GMT+0300,4514.946,4514.417,0.0006,0.0006
04.09.2023 03:22:23.523 GMT+0300,4514.753,4514.347000000001,0.0006,0.0006
04.09.2023 03:22:23.671 GMT+0300,4514.693,4514.179,0.0006,0.0006
04.09.2023 03:22:36.717 GMT+0300,4514.431,4513.914000000001,0.0006,0.0006
04.09.2023 03:22:38.479 GMT+0300,4514.678,4514.164000000001,0.0006,0.0006
04.09.2023 03:22:44.799 GMT+0300,4514.437,4513.911,0.0006,0.0006
04.09.2023 03:22:47.917 GMT+0300,4514.696,4514.227,0.0006,0.0006
04.09.2023 03:23:02.249 GMT+0300,4514.428,4513.92,0.0006,0.0006
04.09.2023 03:23:02.529 GMT+0300,4514.678,4514.164000000001,0.0006,0.0006
04.09.2023 03:23:19.084 GMT+0300,4514.437,4513.911,0.0006,0.0006
04.09.2023 03:23:19.274 GMT+0300,4514.554,4514.046,0.0006,0.0006
04.09.2023 03:23:19.440 GMT+0300,4514.383,4513.929,0.0006,0.0006
04.09.2023 03:23:19.566 GMT+0300,4514.693,4514.1759999999995,0.0006,0.0006
04.09.2023 03:23:20.175 GMT+0300,4514.431,4513.917,0.0006,0.0006
04.09.2023 03:23:22.276 GMT+0300,4514.633,4514.17,0.0006,0.0006
04.09.2023 03:23:48.712 GMT+0300,4514.943,4514.4259999999995,0.0006,0.0006
04.09.2023 03:23:54.737 GMT+0300,4514.678,4514.17,0.0006,0.0006
04.09.2023 03:24:30.521 GMT+0300,4514.804,4514.347000000001,0.0006,0.0006
04.09.2023 03:24:30.665 GMT+0300,4514.6990000000005,4514.179,0.0006,0.0006
04.09.2023 03:24:45.676 GMT+0300,4514.804,4514.284000000001,0.0006,0.0006
04.09.2023 03:24:47.236 GMT+0300,4514.943,4514.423,0.0006,0.0006
04.09.2023 03:24:54.230 GMT+0300,4515.184,4514.667,0.0006,0.0006
04.09.2023 03:25:01.420 GMT+0300,4514.937,4514.423,0.0006,0.0006
04.09.2023 03:25:07.225 GMT+0300,4515.1900000000005,4514.682,0.0006,0.0006
04.09.2023 03:25:09.153 GMT+0300,4514.943,4514.414000000001,0.0006,0.0006
04.09.2023 03:25:13.732 GMT+0300,4515.193,4514.673,0.0006,0.0006
04.09.2023 03:26:00.126 GMT+0300,4515.253,4514.847000000001,0.0006,0.0006
04.09.2023 03:26:00.241 GMT+0300,4515.181,4514.661,0.0006,0.0006
04.09.2023 03:26:31.155 GMT+0300,4515.431,4514.9259999999995,0.0006,0.0006
04.09.2023 03:26:32.473 GMT+0300,4515.184,4514.727,0.0006,0.0006
04.09.2023 03:26:32.697 GMT+0300,4515.4490000000005,4514.932,0.0006,0.0006
04.09.2023 03:26:33.076 GMT+0300,4515.316,4514.787,0.0006,0.0006
04.09.2023 03:26:37.573 GMT+0300,4515.4400000000005,4514.929,0.0006,0.0006
04.09.2023 03:26:41.898 GMT+0300,4515.3009999999995,4514.793,0.0006,0.0006
04.09.2023 03:26:42.221 GMT+0300,4515.428,4514.917,0.0006,0.0006
04.09.2023 03:26:43.285 GMT+0300,4515.133,4514.67,0.0006,0.0006
04.09.2023 03:27:09.508 GMT+0300,4515.316,4514.799,0.0006,0.0006
04.09.2023 03:27:10.260 GMT+0300,4515.193,4514.667,0.0006,0.0006
04.09.2023 03:27:11.536 GMT+0300,4515.428,4514.977,0.0006,0.0006
04.09.2023 03:27:16.204 GMT+0300,4515.196,4514.67,0.0006,0.0006
04.09.2023 03:27:26.250 GMT+0300,4515.4490000000005,4514.9259999999995,0.0006,0.0006
04.09.2023 03:27:56.848 GMT+0300,4515.178,4514.682,0.0006,0.0006
04.09.2023 03:27:57.179 GMT+0300,4515.443,4514.917,0.0006,0.0006
04.09.2023 03:27:58.146 GMT+0300,4515.3009999999995,4514.796,0.0006,0.0006
04.09.2023 03:27:58.364 GMT+0300,4515.133,4514.679,0.0006,0.0006
04.09.2023 03:28:05.643 GMT+0300,4515.434,4514.911,0.0006,0.0006
04.09.2023 03:28:06.285 GMT+0300,4515.1990000000005,4514.727,0.0006,0.0006
04.09.2023 03:28:20.566 GMT+0300,4515.428,4514.977,0.0006,0.0006
04.09.2023 03:28:46.467 GMT+0300,4515.196,4514.679,0.0006,0.0006
04.09.2023 03:28:47.659 GMT+0300,4515.4400000000005,4514.92,0.0006,0.0006
04.09.2023 03:29:19.967 GMT+0300,4515.696,4515.161,0.0006,0.0006
04.09.2023 03:29:21.038 GMT+0300,4515.443,4514.9259999999995,0.0006,0.0006
04.09.2023 03:29:33.372 GMT+0300,4515.1990000000005,4514.67,0.0006,0.0006
04.09.2023 03:29:38.227 GMT+0300,4514.928,4514.4259999999995,0.0006,0.0006
04.09.2023 03:29:38.383 GMT+0300,4515.181,4514.682,0.0006,0.0006
04.09.2023 03:30:02.860 GMT+0300,4515.4400000000005,4514.932,0.0006,0.0006
04.09.2023 03:30:14.359 GMT+0300,4515.196,4514.673,0.0006,0.0006
04.09.2023 03:30:29.300 GMT+0300,4515.428,4514.929,0.0006,0.0006
04.09.2023 03:30:36.885 GMT+0300,4515.684,4515.227,0.0006,0.0006
04.09.2023 03:31:22.184 GMT+0300,4515.383,4514.923,0.0006,0.0006
04.09.2023 03:31:22.291 GMT+0300,4515.56,4515.097000000001,0.0006,0.0006
04.09.2023 03:31:22.862 GMT+0300,4515.428,4514.932,0.0006,0.0006
04.09.2023 03:31:23.580 GMT+0300,4515.563,4515.043,0.0006,0.0006
04.09.2023 03:31:24.068 GMT+0300,4515.443,4514.92,0.0006,0.0006
04.09.2023 03:31:25.326 GMT+0300,4515.696,4515.161,0.0006,0.0006
04.09.2023 03:31:26.918 GMT+0300,4515.566,4515.049,0.0006,0.0006
04.09.2023 03:31:27.636 GMT+0300,4515.437,4514.92,0.0006,0.0006
04.09.2023 03:33:01.921 GMT+0300,4515.633,4515.179,0.0006,0.0006
04.09.2023 03:33:02.160 GMT+0300,4515.943,4515.423,0.0006,0.0006
04.09.2023 03:33:12.636 GMT+0300,4515.6900000000005,4515.179,0.0006,0.0006
04.09.2023 03:33:13.067 GMT+0300,4515.943,4515.411,0.0006,0.0006
04.09.2023 03:33:26.358 GMT+0300,4515.687,4515.17,0.0006,0.0006
04.09.2023 03:33:30.355 GMT+0300,4515.943,4515.432,0.0006,0.0006
04.09.2023 03:34:01.622 GMT+0300,4515.681,4515.161,0.0006,0.0006
04.09.2023 03:34:11.611 GMT+0300,4515.563,4515.097000000001,0.0006,0.0006
04.09.2023 03:34:11.787 GMT+0300,4515.437,4514.917,0.0006,0.0006
04.09.2023 03:34:31.858 GMT+0300,4515.684,4515.1759999999995,0.0006,0.0006
04.09.2023 03:34:43.528 GMT+0300,4515.928,4515.42,0.0006,0.0006
04.09.2023 03:35:05.035 GMT+0300,4516.1990000000005,4515.664000000001,0.0006,0.0006
04.09.2023 03:35:28.514 GMT+0300,4515.937,4515.477,0.0006,0.0006
04.09.2023 03:35:28.675 GMT+0300,4516.1900000000005,4515.667,0.0006,0.0006
04.09.2023 03:35:36.470 GMT+0300,4515.946,4515.432,0.0006,0.0006
04.09.2023 03:35:36.688 GMT+0300,4516.003,4515.597000000001,0.0006,0.0006
04.09.2023 03:35:38.027 GMT+0300,4516.187,4515.673,0.0006,0.0006
04.09.2023 03:35:40.120 GMT+0300,4515.934,4515.423,0.0006,0.0006
04.09.2023 03:35:40.633 GMT+0300,4516.1900000000005,4515.667,0.0006,0.0006
04.09.2023 03:35:42.064 GMT+0300,4516.0509999999995,4515.546,0.0006,0.0006
04.09.2023 03:35:42.982 GMT+0300,4516.1990000000005,4515.6759999999995,0.0006,0.0006
04.09.2023 03:35:55.620 GMT+0300,4515.9400000000005,4515.411,0.0006,0.0006
04.09.2023 03:36:12.599 GMT+0300,4516.057,4515.549,0.0006,0.0006
04.09.2023 03:36:12.810 GMT+0300,4515.883,4515.411,0.0006,0.0006
04.09.2023 03:36:13.664 GMT+0300,4516.048,4515.54,0.0006,0.0006
04.09.2023 03:36:14.363 GMT+0300,4515.9490000000005,4515.411,0.0006,0.0006
04.09.2023 03:36:17.175 GMT+0300,4516.193,4515.6759999999995,0.0006,0.0006
04.09.2023 03:36:17.402 GMT+0300,4516.069,4515.546,0.0006,0.0006
04.09.2023 03:36:19.078 GMT+0300,4516.1990000000005,4515.679,0.0006,0.0006
04.09.2023 03:36:20.944 GMT+0300,4516.063,4515.54,0.0006,0.0006
04.09.2023 03:36:21.171 GMT+0300,4516.193,4515.67,0.0006,0.0006
04.09.2023 03:37:02.321 GMT+0300,4515.946,4515.417,0.0006,0.0006
04.09.2023 03:37:02.469 GMT+0300,4516.054,4515.552000000001,0.0006,0.0006
04.09.2023 03:37:02.621 GMT+0300,4515.934,4515.423,0.0006,0.0006
04.09.2023 03:37:26.844 GMT+0300,4515.693,4515.173,0.0006,0.0006
04.09.2023 03:37:28.640 GMT+0300,4515.807,4515.293,0.0006,0.0006
04.09.2023 03:37:28.865 GMT+0300,4515.883,4515.4259999999995,0.0006,0.0006
04.09.2023 03:37:29.305 GMT+0300,4515.684,4515.179,0.0006,0.0006
04.09.2023 03:37:40.348 GMT+0300,4515.883,4515.414000000001,0.0006,0.0006
04.09.2023 03:37:42.182 GMT+0300,4515.6900000000005,4515.167,0.0006,0.0006
04.09.2023 03:37:56.543 GMT+0300,4515.9490000000005,4515.477,0.0006,0.0006
04.09.2023 03:38:12.728 GMT+0300,4515.6990000000005,4515.164000000001,0.0006,0.0006
04.09.2023 03:38:14.072 GMT+0300,4515.9400000000005,4515.4259999999995,0.0006,0.0006
04.09.2023 03:38:16.660 GMT+0300,4515.6900000000005,4515.164000000001,0.0006,0.0006
04.09.2023 03:38:26.515 GMT+0300,4515.937,4515.4259999999995,0.0006,0.0006
04.09.2023 03:38:41.942 GMT+0300,4515.807,4515.284000000001,0.0006,0.0006
04.09.2023 03:38:42.554 GMT+0300,4515.9490000000005,4515.429,0.0006,0.0006
04.09.2023 03:39:05.990 GMT+0300,4516.048,4515.597000000001,0.0006,0.0006
04.09.2023 03:39:07.437 GMT+0300,4515.934,4515.429,0.0006,0.0006
04.09.2023 03:39:08.284 GMT+0300,4516.054,4515.531,0.0006,0.0006
04.09.2023 03:39:09.339 GMT+0300,4515.928,4515.432,0.0006,0.0006
04.09.2023 03:39:29.120 GMT+0300,4515.633,4515.161,0.0006,0.0006
04.09.2023 03:39:32.590 GMT+0300,4515.819,4515.296,0.0006,0.0006
04.09.2023 03:39:32.789 GMT+0300,4515.943,4515.411,0.0006,0.0006
04.09.2023 03:39:54.758 GMT+0300,4516.178,4515.727,0.0006,0.0006
04.09.2023 03:40:24.268 GMT+0300,4515.883,4515.4259999999995,0.0006,0.0006
04.09.2023 03:40:29.231 GMT+0300,4515.807,4515.299,0.0006,0.0006
04.09.2023 03:40:30.252 GMT+0300,4515.9490000000005,4515.429,0.0006,0.0006
04.09.2023 03:40:31.355 GMT+0300,4515.678,4515.161,0.0006,0.0006
04.09.2023 03:40:39.543 GMT+0300,4515.193,4514.67,0.0006,0.0006
04.09.2023 03:40:42.944 GMT+0300,4515.446,4514.914000000001,0.0006,0.0006
04.09.2023 03:40:49.938 GMT+0300,4515.1900000000005,4514.661,0.0006,0.0006
04.09.2023 03:40:58.956 GMT+0300,4515.446,4514.9259999999995,0.0006,0.0006
04.09.2023 03:41:13.607 GMT+0300,4515.554,4515.049,0.0006,0.0006
04.09.2023 03:41:13.996 GMT+0300,4515.443,4514.9259999999995,0.0006,0.0006
04.09.2023 03:41:21.899 GMT+0300,4515.6990000000005,4515.179,0.0006,0.0006
04.09.2023 03:41:23.000 GMT+0300,4515.446,4514.911,0.0006,0.0006
04.09.2023 03:41:23.964 GMT+0300,4515.678,4515.17,0.0006,0.0006
04.09.2023 03:41:35.869 GMT+0300,4515.816,4515.29,0.0006,0.0006
04.09.2023 03:41:35.982 GMT+0300,4515.693,4515.161,0.0006,0.0006
04.09.2023 03:41:36.203 GMT+0300,4515.883,4515.411,0.0006,0.0006
04.09.2023 03:42:11.120 GMT+0300,4515.681,4515.161,0.0006,0.0006
04.09.2023 03:42:11.300 GMT+0300,4515.937,4515.477,0.0006,0.0006
04.09.2023 03:42:20.343 GMT+0300,4516.1900000000005,4515.673,0.0006,0.0006
04.09.2023 03:42:25.356 GMT+0300,4515.937,4515.429,0.0006,0.0006
04.09.2023 03:42:26.891 GMT+0300,4516.003,4515.534000000001,0.0006,0.0006
04.09.2023 03:42:28.361 GMT+0300,4516.193,4515.682,0.0006,0.0006
04.09.2023 03:42:28.735 GMT+0300,4516.048,4515.543,0.0006,0.0006
04.09.2023 03:42:29.864 GMT+0300,4516.1900000000005,4515.664000000001,0.0006,0.0006
04.09.2023 03:43:20.606 GMT+0300,4516.437,4515.917,0.0006,0.0006
04.09.2023 03:43:21.082 GMT+0300,4516.1990000000005,4515.664000000001,0.0006,0.0006
04.09.2023 03:43:43.443 GMT+0300,4515.946,4515.414000000001,0.0006,0.0006
04.09.2023 03:43:44.323 GMT+0300,4516.178,4515.67,0.0006,0.0006
04.09.2023 03:43:55.520 GMT+0300,4515.943,4515.414000000001,0.0006,0.0006
04.09.2023 03:44:01.324 GMT+0300,4515.678,4515.1759999999995,0.0006,0.0006
04.09.2023 03:44:12.367 GMT+0300,4515.943,4515.417,0.0006,0.0006
04.09.2023 03:44:13.058 GMT+0300,4515.693,4515.182,0.0006,0.0006
04.09.2023 03:44:13.452 GMT+0300,4515.883,4515.423,0.0006,0.0006
04.09.2023 03:44:41.017 GMT+0300,4515.753,4515.29,0.0006,0.0006
04.09.2023 03:44:41.187 GMT+0300,4515.678,4515.227,0.0006,0.0006
04.09.2023 03:44:43.618 GMT+0300,4515.9400000000005,4515.423,0.0006,0.0006
04.09.2023 03:45:00.990 GMT+0300,4516.181,4515.6759999999995,0.0006,0.0006
04.09.2023 03:45:02.149 GMT+0300,4516.003,4515.546,0.0006,0.0006
04.09.2023 03:45:04.217 GMT+0300,4516.187,4515.682,0.0006,0.0006
04.09.2023 03:45:07.190 GMT+0300,4515.931,4515.4259999999995,0.0006,0.0006
04.09.2023 03:45:09.597 GMT+0300,4516.057,4515.552000000001,0.0006,0.0006
04.09.2023 03:45:10.918 GMT+0300,4516.1900000000005,4515.661,0.0006,0.0006
04.09.2023 03:45:12.359 GMT+0300,4515.946,4515.423,0.0006,0.0006
04.09.2023 03:45:14.678 GMT+0300,4516.069,4515.543,0.0006,0.0006
04.09.2023 03:45:16.057 GMT+0300,4515.946,4515.4259999999995,0.0006,0.0006
04.09.2023 03:45:36.542 GMT+0300,4516.048,4515.552000000001,0.0006,0.0006
04.09.2023 03:45:37.432 GMT+0300,4515.9400000000005,4515.477,0.0006,0.0006
04.09.2023 03:45:45.371 GMT+0300,4516.054,4515.534000000001,0.0006,0.0006
04.09.2023 03:45:45.999 GMT+0300,4515.9490000000005,4515.423,0.0006,0.0006
04.09.2023 03:45:47.029 GMT+0300,4516.178,4515.661,0.0006,0.0006
04.09.2023 03:46:13.636 GMT+0300,4516.434,4515.9259999999995,0.0006,0.0006
04.09.2023 03:46:31.706 GMT+0300,4516.563,4516.049,0.0006,0.0006
04.09.2023 03:46:31.909 GMT+0300,4516.443,4515.923,0.0006,0.0006
04.09.2023 03:46:32.662 GMT+0300,4516.563,4516.034000000001,0.0006,0.0006
04.09.2023 03:46:33.263 GMT+0300,4516.446,4515.932,0.0006,0.0006
04.09.2023 03:46:38.372 GMT+0300,4516.569,4516.052000000001,0.0006,0.0006
04.09.2023 03:46:38.504 GMT+0300,4516.678,4516.1759999999995,0.0006,0.0006
04.09.2023 03:46:43.077 GMT+0300,4516.9490000000005,4516.417,0.0006,0.0006
04.09.2023 03:46:49.672 GMT+0300,4516.693,4516.161,0.0006,0.0006
04.09.2023 03:46:50.390 GMT+0300,4516.883,4516.432,0.0006,0.0006
04.09.2023 03:46:52.719 GMT+0300,4516.693,4516.167,0.0006,0.0006
04.09.2023 03:46:59.963 GMT+0300,4516.934,4516.477,0.0006,0.0006
04.09.2023 03:47:10.203 GMT+0300,4517.048,4516.534000000001,0.0006,0.0006
04.09.2023 03:47:10.998 GMT+0300,4517.1990000000005,4516.67,0.0006,0.0006
04.09.2023 03:47:12.023 GMT+0300,4516.931,4516.417,0.0006,0.0006
04.09.2023 03:47:24.554 GMT+0300,4517.1900000000005,4516.664000000001,0.0006,0.0006
04.09.2023 03:47:24.921 GMT+0300,4516.934,4516.423,0.0006,0.0006
04.09.2023 03:47:46.840 GMT+0300,4516.798,4516.302000000001,0.0006,0.0006
04.09.2023 03:47:47.106 GMT+0300,4516.687,4516.161,0.0006,0.0006
04.09.2023 03:48:03.060 GMT+0300,4516.943,4516.4259999999995,0.0006,0.0006
04.09.2023 03:48:09.723 GMT+0300,4516.8009999999995,4516.281,0.0006,0.0006
04.09.2023 03:48:10.353 GMT+0300,4516.9400000000005,4516.417,0.0006,0.0006
04.09.2023 03:48:12.362 GMT+0300,4516.804,4516.281,0.0006,0.0006
04.09.2023 03:48:12.627 GMT+0300,4516.6900000000005,4516.167,0.0006,0.0006
04.09.2023 03:48:13.031 GMT+0300,4516.931,4516.42,0.0006,0.0006
04.09.2023 03:48:30.353 GMT+0300,4517.184,4516.664000000001,0.0006,0.0006
04.09.2023 03:48:31.799 GMT+0300,4516.883,4516.477,0.0006,0.0006
04.09.2023 03:50:09.748 GMT+0300,4516.681,4516.1759999999995,0.0006,0.0006
04.09.2023 03:50:25.064 GMT+0300,4516.566,4516.034000000001,0.0006,0.0006
04.09.2023 03:50:25.260 GMT+0300,4516.633,4516.227,0.0006,0.0006
04.09.2023 03:50:25.758 GMT+0300,4516.4490000000005,4515.914000000001,0.0006,0.0006
04.09.2023 03:50:26.443 GMT+0300,4516.633,4516.227,0.0006,0.0006
04.09.2023 03:50:40.834 GMT+0300,4516.383,4515.932,0.0006,0.0006
04.09.2023 03:50:53.699 GMT+0300,4516.6900000000005,4516.161,0.0006,0.0006
04.09.2023 03:50:54.689 GMT+0300,4516.503,4516.031,0.0006,0.0006
04.09.2023 03:50:55.019 GMT+0300,4516.6990000000005,4516.164000000001,0.0006,0.0006
04.09.2023 03:50:55.153 GMT+0300,4516.503,4516.037,0.0006,0.0006
04.09.2023 03:50:55.348 GMT+0300,4516.687,4516.227,0.0006,0.0006
04.09.2023 03:51:16.059 GMT+0300,4516.437,4515.923,0.0006,0.0006
04.09.2023 03:51:43.955 GMT+0300,4516.693,4516.173,0.0006,0.0006
04.09.2023 03:51:49.870 GMT+0300,4516.437,4515.932,0.0006,0.0006
04.09.2023 03:51:53.986 GMT+0300,4516.6990000000005,4516.182,0.0006,0.0006
04.09.2023 03:51:57.102 GMT+0300,4516.569,4516.043,0.0006,0.0006
04.09.2023 03:51:58.474 GMT+0300,4516.693,4516.1759999999995,0.0006,0.0006
04.09.2023 03:52:20.714 GMT+0300,4516.446,4515.9259999999995,0.0006,0.0006
04.09.2023 03:52:21.078 GMT+0300,4516.681,4516.17,0.0006,0.0006
04.09.2023 03:53:14.607 GMT+0300,4516.446,4515.92,0.0006,0.0006
04.09.2023 03:53:14.729 GMT+0300,4516.633,4516.161,0.0006,0.0006
04.09.2023 03:53:31.670 GMT+0300,4516.4490000000005,4515.929,0.0006,0.0006
04.09.2023 03:53:32.351 GMT+0300,4516.633,4516.167,0.0006,0.0006
04.09.2023 03:54:53.712 GMT+0300,4516.798,4516.29,0.0006,0.0006
04.09.2023 03:54:54.741 GMT+0300,4516.678,4516.182,0.0006,0.0006
04.09.2023 03:54:56.818 GMT+0300,4516.819,4516.293,0.0006,0.0006
04.09.2023 03:54:59.756 GMT+0300,4516.681,4516.179,0.0006,0.0006
04.09.2023 03:55:06.263 GMT+0300,4516.434,4515.911,0.0006,0.0006
04.09.2023 03:55:06.389 GMT+0300,4516.687,4516.1759999999995,0.0006,0.0006
04.09.2023 03:55:19.241 GMT+0300,4516.434,4515.9259999999995,0.0006,0.0006
04.09.2023 03:55:34.808 GMT+0300,4516.687,4516.182,0.0006,0.0006
04.09.2023 03:55:34.918 GMT+0300,4516.5509999999995,4516.04,0.0006,0.0006
04.09.2023 03:55:35.250 GMT+0300,4516.693,4516.17,0.0006,0.0006
04.09.2023 03:55:35.362 GMT+0300,4516.443,4515.923,0.0006,0.0006
04.09.2023 03:55:36.497 GMT+0300,4516.678,4516.227,0.0006,0.0006
04.09.2023 03:56:11.765 GMT+0300,4516.428,4515.9259999999995,0.0006,0.0006
04.09.2023 03:56:12.285 GMT+0300,4516.548,4516.037,0.0006,0.0006
04.09.2023 03:56:13.325 GMT+0300,4516.678,4516.1759999999995,0.0006,0.0006
04.09.2023 03:56:13.472 GMT+0300,4516.4400000000005,4515.929,0.0006,0.0006
04.09.2023 03:56:48.263 GMT+0300,4516.187,4515.727,0.0006,0.0006
04.09.2023 03:56:48.409 GMT+0300,4516.446,4515.92,0.0006,0.0006
04.09.2023 03:56:49.404 GMT+0300,4516.3009999999995,4515.79,0.0006,0.0006
04.09.2023 03:56:50.802 GMT+0300,4516.4400000000005,4515.929,0.0006,0.0006
04.09.2023 03:56:55.254 GMT+0300,4516.133,4515.6759999999995,0.0006,0.0006
04.09.2023 03:57:09.899 GMT+0300,4516.0509999999995,4515.549,0.0006,0.0006
04.09.2023 03:57:10.217 GMT+0300,4516.184,4515.6759999999995,0.0006,0.0006
04.09.2023 03:57:22.601 GMT+0300,4516.054,4515.54,0.0006,0.0006
04.09.2023 03:57:22.793 GMT+0300,4515.946,4515.423,0.0006,0.0006
04.09.2023 03:57:23.066 GMT+0300,4516.178,4515.6759999999995,0.0006,0.0006
04.09.2023 03:58:04.514 GMT+0300,4516.443,4515.914000000001,0.0006,0.0006
04.09.2023 03:58:15.443 GMT+0300,4516.181,4515.661,0.0006,0.0006
04.09.2023 03:58:26.065 GMT+0300,4516.304,4515.787,0.0006,0.0006
04.09.2023 03:58:26.387 GMT+0300,4516.184,4515.6759999999995,0.0006,0.0006
04.09.2023 03:58:29.653 GMT+0300,4516.434,4515.917,0.0006,0.0006
04.09.2023 03:58:29.855 GMT+0300,4516.187,4515.667,0.0006,0.0006
04.09.2023 03:58:30.050 GMT+0300,4516.304,4515.799,0.0006,0.0006
04.09.2023 03:58:30.168 GMT+0300,4516.181,4515.661,0.0006,0.0006
04.09.2023 03:58:30.441 GMT+0300,4516.304,4515.796,0.0006,0.0006
04.09.2023 03:58:30.660 GMT+0300,4516.193,4515.67,0.0006,0.0006
04.09.2023 03:58:31.042 GMT+0300,4516.253,4515.781,0.0006,0.0006
04.09.2023 03:58:31.186 GMT+0300,4516.4490000000005,4515.917,0.0006,0.0006
04.09.2023 03:58:32.300 GMT+0300,4516.1990000000005,4515.682,0.0006,0.0006
04.09.2023 03:58:32.464 GMT+0300,4516.316,4515.802000000001,0.0006,0.0006
04.09.2023 03:58:34.452 GMT+0300,4516.1900000000005,4515.682,0.0006,0.0006
04.09.2023 03:58:34.887 GMT+0300,4516.298,4515.784000000001,0.0006,0.0006
04.09.2023 03:58:37.573 GMT+0300,4516.187,4515.673,0.0006,0.0006
04.09.2023 03:59:01.777 GMT+0300,4516.316,4515.79,0.0006,0.0006
04.09.2023 03:59:01.955 GMT+0300,4516.443,4515.914000000001,0.0006,0.0006
04.09.2023 03:59:22.423 GMT+0300,4516.633,4516.227,0.0006,0.0006
04.09.2023 03:59:43.915 GMT+0300,4516.437,4515.92,0.0006,0.0006
04.09.2023 03:59:44.022 GMT+0300,4516.633,4516.164000000001,0.0006,0.0006
04.09.2023 04:00:06.569 GMT+0300,4516.443,4515.929,0.0006,0.0006
04.09.2023 04:01:03.818 GMT+0300,4516.184,4515.673,0.0006,0.0006
04.09.2023 04:01:04.953 GMT+0300,4516.253,4515.787,0.0006,0.0006
04.09.2023 04:01:05.080 GMT+0300,4516.4490000000005,4515.92,0.0006,0.0006
04.09.2023 04:01:08.611 GMT+0300,4516.1990000000005,4515.67,0.0006,0.0006
04.09.2023 04:01:13.993 GMT+0300,4515.931,4515.4259999999995,0.0006,0.0006
04.09.2023 04:01:16.228 GMT+0300,4515.819,4515.299,0.0006,0.0006
04.09.2023 04:01:16.808 GMT+0300,4515.6990000000005,4515.179,0.0006,0.0006
04.09.2023 04:01:23.601 GMT+0300,4515.434,4514.923,0.0006,0.0006
04.09.2023 04:01:23.778 GMT+0300,4515.684,4515.179,0.0006,0.0006
04.09.2023 04:01:25.553 GMT+0300,4515.557,4515.046,0.0006,0.0006
04.09.2023 04:01:25.686 GMT+0300,4515.383,4514.923,0.0006,0.0006
04.09.2023 04:01:26.543 GMT+0300,4515.6990000000005,4515.167,0.0006,0.0006
04.09.2023 04:02:18.528 GMT+0300,4515.434,4514.911,0.0006,0.0006
04.09.2023 04:02:20.347 GMT+0300,4515.563,4515.04,0.0006,0.0006
04.09.2023 04:02:20.724 GMT+0300,4515.443,4514.923,0.0006,0.0006
04.09.2023 04:02:23.258 GMT+0300,4515.633,4515.164000000001,0.0006,0.0006
04.09.2023 04:02:25.112 GMT+0300,4515.566,4515.049,0.0006,0.0006
04.09.2023 04:02:25.262 GMT+0300,4515.6900000000005,4515.17,0.0006,0.0006
04.09.2023 04:03:07.098 GMT+0300,4515.4400000000005,4514.923,0.0006,0.0006
04.09.2023 04:03:09.102 GMT+0300,4515.6990000000005,4515.227,0.0006,0.0006
04.09.2023 04:03:28.951 GMT+0300,4515.9490000000005,4515.42,0.0006,0.0006
04.09.2023 04:03:36.965 GMT+0300,4515.693,4515.17,0.0006,0.0006
04.09.2023 04:03:43.867 GMT+0300,4515.819,4515.296,0.0006,0.0006
04.09.2023 04:03:44.342 GMT+0300,4515.693,4515.179,0.0006,0.0006
04.09.2023 04:03:46.415 GMT+0300,4515.9490000000005,4515.4259999999995,0.0006,0.0006
04.09.2023 04:03:47.100 GMT+0300,4515.687,4515.167,0.0006,0.0006
04.09.2023 04:03:51.209 GMT+0300,4515.819,4515.29,0.0006,0.0006
04.09.2023 04:03:51.967 GMT+0300,4515.928,4515.417,0.0006,0.0006
04.09.2023 04:04:07.317 GMT+0300,4516.1900000000005,4515.67,0.0006,0.0006
04.09.2023 04:04:32.063 GMT+0300,4516.4490000000005,4515.932,0.0006,0.0006
04.09.2023 04:05:05.649 GMT+0300,4516.807,4516.296,0.0006,0.0006
04.09.2023 04:05:05.767 GMT+0300,4516.883,4516.429,0.0006,0.0006
04.09.2023 04:05:09.466 GMT+0300,4516.687,4516.173,0.0006,0.0006
04.09.2023 04:05:09.596 GMT+0300,4516.937,4516.414000000001,0.0006,0.0006
04.09.2023 04:05:24.427 GMT+0300,4516.693,4516.1759999999995,0.0006,0.0006
04.09.2023 04:05:28.235 GMT+0300,4516.4400000000005,4515.977,0.0006,0.0006
04.09.2023 04:05:46.891 GMT+0300,4516.557,4516.04,0.0006,0.0006
04.09.2023 04:05:47.043 GMT+0300,4516.678,4516.182,0.0006,0.0006
04.09.2023 04:05:54.639 GMT+0300,4516.934,4516.414000000001,0.0006,0.0006
04.09.2023 04:05:58.256 GMT+0300,4516.753,4516.29,0.0006,0.0006
04.09.2023 04:06:00.714 GMT+0300,4516.6900000000005,4516.167,0.0006,0.0006
04.09.2023 04:06:04.506 GMT+0300,4516.9490000000005,4516.429,0.0006,0.0006
04.09.2023 04:06:18.225 GMT+0300,4517.184,4516.661,0.0006,0.0006
04.09.2023 04:06:50.885 GMT+0300,4516.934,4516.4259999999995,0.0006,0.0006
04.09.2023 04:06:52.196 GMT+0300,4517.1990000000005,4516.673,0.0006,0.0006
04.09.2023 04:06:52.366 GMT+0300,4517.057,4516.597000000001,0.0006,0.0006
04.09.2023 04:06:52.525 GMT+0300,4517.1900000000005,4516.67,0.0006,0.0006
04.09.2023 04:06:52.868 GMT+0300,4516.943,4516.417,0.0006,0.0006
04.09.2023 04:06:53.080 GMT+0300,4517.181,4516.67,0.0006,0.0006
04.09.2023 04:06:53.726 GMT+0300,4517.057,4516.531,0.0006,0.0006
04.09.2023 04:06:54.342 GMT+0300,4516.883,4516.417,0.0006,0.0006
04.09.2023 04:06:55.105 GMT+0300,4517.133,4516.727,0.0006,0.0006
04.09.2023 04:06:56.502 GMT+0300,4516.937,4516.4259999999995,0.0006,0.0006
04.09.2023 04:07:35.184 GMT+0300,4516.6900000000005,4516.173,0.0006,0.0006
04.09.2023 04:07:38.642 GMT+0300,4516.819,4516.293,0.0006,0.0006
04.09.2023 04:07:38.764 GMT+0300,4516.883,4516.411,0.0006,0.0006
04.09.2023 04:07:41.455 GMT+0300,4516.6900000000005,4516.179,0.0006,0.0006
04.09.2023 04:08:01.630 GMT+0300,4516.446,4515.929,0.0006,0.0006
04.09.2023 04:08:12.959 GMT+0300,4516.633,4516.182,0.0006,0.0006
04.09.2023 04:08:20.327 GMT+0300,4516.4490000000005,4515.911,0.0006,0.0006
04.09.2023 04:08:51.555 GMT+0300,4516.5509999999995,4516.031,0.0006,0.0006
04.09.2023 04:08:57.239 GMT+0300,4516.687,4516.161,0.0006,0.0006
04.09.2023 04:08:58.626 GMT+0300,4516.557,4516.034000000001,0.0006,0.0006
04.09.2023 04:09:00.799 GMT+0300,4516.633,4516.17,0.0006,0.0006
04.09.2023 04:09:02.748 GMT+0300,4516.569,4516.097000000001,0.0006,0.0006
04.09.2023 04:09:03.205 GMT+0300,4516.428,4515.92,0.0006,0.0006
04.09.2023 04:09:11.334 GMT+0300,4516.557,4516.049,0.0006,0.0006
04.09.2023 04:09:12.116 GMT+0300,4516.4400000000005,4515.9259999999995,0.0006,0.0006
04.09.2023 04:09:12.247 GMT+0300,4516.5509999999995,4516.097000000001,0.0006,0.0006
04.09.2023 04:09:14.501 GMT+0300,4516.437,4515.9259999999995,0.0006,0.0006
04.09.2023 04:09:14.966 GMT+0300,4516.548,4516.046,0.0006,0.0006
04.09.2023 04:09:21.095 GMT+0300,4516.687,4516.167,0.0006,0.0006
04.09.2023 04:09:22.275 GMT+0300,4516.569,4516.031,0.0006,0.0006
04.09.2023 04:09:24.069 GMT+0300,4516.383,4515.92,0.0006,0.0006
04.09.2023 04:10:03.726 GMT+0300,4516.178,4515.727,0.0006,0.0006
04.09.2023 04:10:15.944 GMT+0300,4516.446,4515.917,0.0006,0.0006
04.09.2023 04:10:55.512 GMT+0300,4516.133,4515.673,0.0006,0.0006
04.09.2023 04:11:54.990 GMT+0300,4516.446,4515.911,0.0006,0.0006
04.09.2023 04:11:56.433 GMT+0300,4516.184,4515.679,0.0006,0.0006
04.09.2023 04:12:04.821 GMT+0300,4516.4400000000005,4515.929,0.0006,0.0006
04.09.2023 04:12:27.995 GMT+0300,4516.187,4515.679,0.0006,0.0006
04.09.2023 04:12:32.167 GMT+0300,4516.4400000000005,4515.932,0.0006,0.0006
04.09.2023 04:12:40.736 GMT+0300,4516.313,4515.787,0.0006,0.0006
04.09.2023 04:12:42.144 GMT+0300,4516.184,4515.661,0.0006,0.0006
04.09.2023 04:12:44.205 GMT+0300,4516.304,4515.799,0.0006,0.0006
04.09.2023 04:12:46.258 GMT+0300,4516.181,4515.661,0.0006,0.0006
04.09.2023 04:12:47.069 GMT+0300,4516.431,4515.92,0.0006,0.0006
04.09.2023 04:12:47.171 GMT+0300,4516.319,4515.787,0.0006,0.0006
04.09.2023 04:12:50.633 GMT+0300,4516.434,4515.914000000001,0.0006,0.0006
04.09.2023 04:12:50.881 GMT+0300,4516.316,4515.847000000001,0.0006,0.0006
04.09.2023 04:12:51.935 GMT+0300,4516.446,4515.923,0.0006,0.0006
04.09.2023 04:12:52.739 GMT+0300,4516.187,4515.661,0.0006,0.0006
04.09.2023 04:12:55.427 GMT+0300,4516.383,4515.914000000001,0.0006,0.0006
04.09.2023 04:13:16.565 GMT+0300,4516.193,4515.661,0.0006,0.0006
04.09.2023 04:14:51.831 GMT+0300,4515.883,4515.432,0.0006,0.0006
04.09.2023 04:14:52.100 GMT+0300,4516.003,4515.534000000001,0.0006,0.0006
04.09.2023 04:14:52.381 GMT+0300,4515.9400000000005,4515.423,0.0006,0.0006
04.09.2023 04:14:53.507 GMT+0300,4516.057,4515.54,0.0006,0.0006
04.09.2023 04:14:53.613 GMT+0300,4515.934,4515.414000000001,0.0006,0.0006
04.09.2023 04:15:01.968 GMT+0300,4516.069,4515.54,0.0006,0.0006
04.09.2023 04:15:02.298 GMT+0300,4515.883,4515.42,0.0006,0.0006
04.09.2023 04:15:06.629 GMT+0300,4516.184,4515.661,0.0006,0.0006
04.09.2023 04:15:15.259 GMT+0300,4515.9490000000005,4515.432,0.0006,0.0006
04.09.2023 04:15:15.760 GMT+0300,4516.181,4515.667,0.0006,0.0006
04.09.2023 04:15:18.931 GMT+0300,4515.934,4515.411,0.0006,0.0006
04.09.2023 04:15:25.953 GMT+0300,4515.807,4515.299,0.0006,0.0006
04.09.2023 04:15:26.195 GMT+0300,4515.693,4515.167,0.0006,0.0006
04.09.2023 04:15:30.915 GMT+0300,4515.4400000000005,4514.9259999999995,0.0006,0.0006
04.09.2023 04:15:31.021 GMT+0300,4515.133,4514.664000000001,0.0006,0.0006
04.09.2023 04:15:40.428 GMT+0300,4514.883,4514.417,0.0006,0.0006
04.09.2023 04:15:43.271 GMT+0300,4515.184,4514.667,0.0006,0.0006
04.09.2023 04:15:43.640 GMT+0300,4514.9400000000005,4514.414000000001,0.0006,0.0006
04.09.2023 04:15:44.178 GMT+0300,4515.0509999999995,4514.597000000001,0.0006,0.0006
04.09.2023 04:15:44.304 GMT+0300,4514.928,4514.4259999999995,0.0006,0.0006
04.09.2023 04:15:50.319 GMT+0300,4515.184,4514.667,0.0006,0.0006
04.09.2023 04:15:50.621 GMT+0300,4515.066,4514.552000000001,0.0006,0.0006
04.09.2023 04:15:51.364 GMT+0300,4515.181,4514.679,0.0006,0.0006
04.09.2023 04:15:55.337 GMT+0300,4514.943,4514.429,0.0006,0.0006
04.09.2023 04:15:55.990 GMT+0300,4515.178,4514.727,0.0006,0.0006
04.09.2023 04:15:56.134 GMT+0300,4515.054,4514.549,0.0006,0.0006
04.09.2023 04:15:56.720 GMT+0300,4514.946,4514.429,0.0006,0.0006
04.09.2023 04:16:02.665 GMT+0300,4515.063,4514.531,0.0006,0.0006
04.09.2023 04:16:02.978 GMT+0300,4515.193,4514.664000000001,0.0006,0.0006
04.09.2023 04:16:03.473 GMT+0300,4514.931,4514.477,0.0006,0.0006
04.09.2023 04:16:03.660 GMT+0300,4515.178,4514.679,0.0006,0.0006
04.09.2023 04:16:12.032 GMT+0300,4514.937,4514.417,0.0006,0.0006
04.09.2023 04:16:12.709 GMT+0300,4515.178,4514.727,0.0006,0.0006
04.09.2023 04:16:20.500 GMT+0300,4514.943,4514.4259999999995,0.0006,0.0006
04.09.2023 04:16:27.832 GMT+0300,4515.1990000000005,4514.67,0.0006,0.0006
04.09.2023 04:16:31.870 GMT+0300,4514.883,4514.4259999999995,0.0006,0.0006
04.09.2023 04:16:34.788 GMT+0300,4515.1900000000005,4514.6759999999995,0.0006,0.0006
04.09.2023 04:16:35.538 GMT+0300,4514.883,4514.4259999999995,0.0006,0.0006
04.09.2023 04:16:41.182 GMT+0300,4514.684,4514.161,0.0006,0.0006
04.09.2023 04:16:42.764 GMT+0300,4514.946,4514.414000000001,0.0006,0.0006
04.09.2023 04:16:45.214 GMT+0300,4514.804,4514.287,0.0006,0.0006
04.09.2023 04:16:45.577 GMT+0300,4514.9490000000005,4514.42,0.0006,0.0006
04.09.2023 04:16:47.142 GMT+0300,4514.819,4514.293,0.0006,0.0006
04.09.2023 04:16:47.371 GMT+0300,4514.696,4514.164000000001,0.0006,0.0006
04.09.2023 04:16:50.232 GMT+0300,4514.503,4514.034000000001,0.0006,0.0006
04.09.2023 04:16:50.348 GMT+0300,4514.434,4513.92,0.0006,0.0006
04.09.2023 04:16:52.502 GMT+0300,4514.696,4514.227,0.0006,0.0006
04.09.2023 04:16:55.123 GMT+0300,4514.446,4513.932,0.0006,0.0006
04.09.2023 04:16:55.684 GMT+0300,4514.6990000000005,4514.17,0.0006,0.0006
04.09.2023 04:17:00.768 GMT+0300,4514.807,4514.347000000001,0.0006,0.0006
04.09.2023 04:17:01.185 GMT+0300,4514.6990000000005,4514.182,0.0006,0.0006
04.09.2023 04:17:02.386 GMT+0300,4514.928,4514.432,0.0006,0.0006
04.09.2023 04:17:14.773 GMT+0300,4515.184,4514.673,0.0006,0.0006
04.09.2023 04:17:14.967 GMT+0300,4514.928,4514.432,0.0006,0.0006
04.09.2023 04:17:33.373 GMT+0300,4515.133,4514.661,0.0006,0.0006
04.09.2023 04:17:38.933 GMT+0300,4515.443,4514.929,0.0006,0.0006
04.09.2023 04:17:39.072 GMT+0300,4515.298,4514.784000000001,0.0006,0.0006
04.09.2023 04:17:39.182 GMT+0300,4515.4400000000005,4514.9259999999995,0.0006,0.0006
04.09.2023 04:17:47.168 GMT+0300,4515.6990000000005,4515.17,0.0006,0.0006
04.09.2023 04:17:48.147 GMT+0300,4515.428,4514.911,0.0006,0.0006
04.09.2023 04:18:43.190 GMT+0300,4515.687,4515.227,0.0006,0.0006
04.09.2023 04:18:44.202 GMT+0300,4515.437,4514.914000000001,0.0006,0.0006
04.09.2023 04:18:47.182 GMT+0300,4515.684,4515.167,0.0006,0.0006
04.09.2023 04:18:48.888 GMT+0300,4515.437,4514.977,0.0006,0.0006
04.09.2023 04:18:49.681 GMT+0300,4515.569,4515.049,0.0006,0.0006
04.09.2023 04:18:51.526 GMT+0300,4515.6990000000005,4515.1759999999995,0.0006,0.0006
04.09.2023 04:18:52.805 GMT+0300,4515.554,4515.031,0.0006,0.0006
04.09.2023 04:18:53.092 GMT+0300,4515.687,4515.167,0.0006,0.0006
04.09.2023 04:19:00.682 GMT+0300,4515.434,4514.92,0.0006,0.0006
04.09.2023 04:19:05.737 GMT+0300,4515.633,4515.17,0.0006,0.0006
04.09.2023 04:19:06.546 GMT+0300,4515.4400000000005,4514.92,0.0006,0.0006
04.09.2023 04:19:45.127 GMT+0300,4515.181,4514.727,0.0006,0.0006
04.09.2023 04:19:46.571 GMT+0300,4515.434,4514.929,0.0006,0.0006
04.09.2023 04:19:56.179 GMT+0300,4515.1990000000005,4514.6759999999995,0.0006,0.0006
04.09.2023 04:20:13.533 GMT+0300,4514.934,4514.414000000001,0.0006,0.0006
04.09.2023 04:20:20.287 GMT+0300,4514.807,4514.299,0.0006,0.0006
04.09.2023 04:20:20.617 GMT+0300,4514.681,4514.173,0.0006,0.0006
04.09.2023 04:20:23.112 GMT+0300,4514.4490000000005,4513.929,0.0006,0.0006
04.09.2023 04:20:24.213 GMT+0300,4514.693,4514.17,0.0006,0.0006
04.09.2023 04:20:30.158 GMT+0300,4514.804,4514.299,0.0006,0.0006
04.09.2023 04:20:30.278 GMT+0300,4514.928,4514.429,0.0006,0.0006
04.09.2023 04:20:33.771 GMT+0300,4514.687,4514.164000000001,0.0006,0.0006
04.09.2023 04:20:40.252 GMT+0300,4514.9490000000005,4514.414000000001,0.0006,0.0006
04.09.2023 04:20:40.531 GMT+0300,4514.693,4514.227,0.0006,0.0006
04.09.2023 04:20:47.496 GMT+0300,4514.946,4514.411,0.0006,0.0006
04.09.2023 04:20:59.530 GMT+0300,4515.048,4514.534000000001,0.0006,0.0006
04.09.2023 04:21:00.182 GMT+0300,4514.928,4514.423,0.0006,0.0006
04.09.2023 04:21:00.298 GMT+0300,4515.196,4514.661,0.0006,0.0006
04.09.2023 04:21:08.584 GMT+0300,4515.4490000000005,4514.917,0.0006,0.0006
04.09.2023 04:21:11.994 GMT+0300,4515.6990000000005,4515.17,0.0006,0.0006
04.09.2023 04:21:30.382 GMT+0300,4515.548,4515.037,0.0006,0.0006
04.09.2023 04:21:30.552 GMT+0300,4515.4490000000005,4514.9259999999995,0.0006,0.0006
04.09.2023 04:21:30.715 GMT+0300,4515.6990000000005,4515.17,0.0006,0.0006
04.09.2023 04:21:31.230 GMT+0300,4515.431,4514.932,0.0006,0.0006
04.09.2023 04:21:35.452 GMT+0300,4515.503,4515.097000000001,0.0006,0.0006
04.09.2023 04:21:36.254 GMT+0300,4515.6900000000005,4515.167,0.0006,0.0006
04.09.2023 04:21:36.495 GMT+0300,4515.5509999999995,4515.034000000001,0.0006,0.0006
04.09.2023 04:21:37.155 GMT+0300,4515.431,4514.932,0.0006,0.0006
04.09.2023 04:21:41.115 GMT+0300,4515.678,4515.17,0.0006,0.0006
04.09.2023 04:21:43.225 GMT+0300,4515.4490000000005,4514.923,0.0006,0.0006
04.09.2023 04:21:44.746 GMT+0300,4515.56,4515.043,0.0006,0.0006
04.09.2023 04:21:45.682 GMT+0300,4515.4490000000005,4514.977,0.0006,0.0006
04.09.2023 04:21:47.717 GMT+0300,4515.569,4515.04,0.0006,0.0006
04.09.2023 04:21:47.858 GMT+0300,4515.696,4515.164000000001,0.0006,0.0006
04.09.2023 04:22:06.360 GMT+0300,4515.798,4515.293,0.0006,0.0006
04.09.2023 04:22:06.534 GMT+0300,4515.681,4515.179,0.0006,0.0006
04.09.2023 04:22:07.339 GMT+0300,4515.928,4515.477,0.0006,0.0006
04.09.2023 04:22:09.374 GMT+0300,4515.684,4515.179,0.0006,0.0006
04.09.2023 04:22:10.592 GMT+0300,4515.928,4515.477,0.0006,0.0006
04.09.2023 04:22:10.938 GMT+0300,4515.816,4515.29,0.0006,0.0006
04.09.2023 04:22:12.568 GMT+0300,4515.684,4515.17,0.0006,0.0006
04.09.2023 04:22:12.834 GMT+0300,4515.81,4515.29,0.0006,0.0006
04.09.2023 04:22:12.960 GMT+0300,4515.931,4515.432,0.0006,0.0006
04.09.2023 04:22:24.697 GMT+0300,4516.133,4515.67,0.0006,0.0006
04.09.2023 04:22:26.016 GMT+0300,4516.437,4515.932,0.0006,0.0006
04.09.2023 04:22:26.257 GMT+0300,4516.298,4515.799,0.0006,0.0006
04.09.2023 04:22:26.526 GMT+0300,4516.133,4515.661,0.0006,0.0006
04.09.2023 04:22:44.343 GMT+0300,4516.437,4515.977,0.0006,0.0006
04.09.2023 04:23:02.344 GMT+0300,4516.196,4515.679,0.0006,0.0006
04.09.2023 04:23:16.260 GMT+0300,4516.319,4515.847000000001,0.0006,0.0006
04.09.2023 04:23:17.049 GMT+0300,4516.4400000000005,4515.911,0.0006,0.0006
04.09.2023 04:23:21.232 GMT+0300,4516.557,4516.034000000001,0.0006,0.0006
04.09.2023 04:23:21.361 GMT+0300,4516.681,4516.179,0.0006,0.0006
04.09.2023 04:23:22.807 GMT+0300,4516.569,4516.04,0.0006,0.0006
04.09.2023 04:23:24.396 GMT+0300,4516.383,4515.911,0.0006,0.0006
04.09.2023 04:23:26.837 GMT+0300,4516.569,4516.046,0.0006,0.0006
04.09.2023 04:23:28.842 GMT+0300,4516.633,4516.17,0.0006,0.0006
04.09.2023 04:23:29.149 GMT+0300,4516.554,4516.031,0.0006,0.0006
04.09.2023 04:23:29.288 GMT+0300,4516.434,4515.917,0.0006,0.0006
04.09.2023 04:23:39.503 GMT+0300,4516.633,4516.182,0.0006,0.0006
04.09.2023 04:23:44.596 GMT+0300,4516.443,4515.923,0.0006,0.0006
04.09.2023 04:23:47.236 GMT+0300,4516.6900000000005,4516.182,0.0006,0.0006
04.09.2023 04:23:58.704 GMT+0300,4516.56,4516.046,0.0006,0.0006
04.09.2023 04:23:58.936 GMT+0300,4516.687,4516.167,0.0006,0.0006
04.09.2023 04:24:00.487 GMT+0300,4516.9490000000005,4516.423,0.0006,0.0006
04.09.2023 04:24:07.766 GMT+0300,4517.193,4516.679,0.0006,0.0006
04.09.2023 04:24:10.862 GMT+0300,4517.253,4516.79,0.0006,0.0006
04.09.2023 04:24:11.135 GMT+0300,4517.434,4516.9259999999995,0.0006,0.0006
